2438 3870
128 139 192 202 332
448 137 561 192 Scholia
580 137 669 191 XVIII
684 138 816 209 ε-ιιμε

93 324 120 377 5⁸
198 302 256 387 [5.]
279 303 575 387 <κατεκλάγετοτ>
598 305 765 387 ἐκληρώθη,
783 304 878 386 ἤγουν
897 302 945 366 έπλ
962 302 1019 383 τὴν
1037 302 1145 383 κλίνην

131 404 185 483 τὴν
205 406 284 466 ἰδίαν
302 404 335 465 έν
353 404 471 488 ἐξουσία
489 403 600 484 ἔλαβεν.

64 538 120 584 ϋΕΑ
199 536 255 591 9ο.
279 533 425 613 πρώϊζαι
448 529 543 611 ἤγουν
562 529 701 611 πρωϊνός,
720 528 777 608 πρὸ
796 538 848 589 τοῦ
868 527 995 601 δέοντος.

196 640 223 699 b.
248 636 477 718 κατέδαρθεςε
500 637 532 700 ιδ
551 636 630 716 θέμα
648 635 696 697 καλ
717 636 821 716 δάρθω
840 633 889 696 καὶ
908 636 1020 715 δαρθῶ.

199 766 310 843 16s17.
334 761 528 844 έπέπταρεν
551 761 726 847 ἐρχομένῳ
750 783 817 822 τοις
840 758 931 833 ὅντως
954 758 1071 841 ἀγαθός
1097 777 1145 822 σοι
1170 779 1181 820 ι

130 860 226 940 ἐφάνη
241 861 357 941 οἰωνός,
372 860 417 922 ὅτε
431 859 461 934 ές
471 860 614 942 Σπάρτην
623 859 768 940 άπήρχου,
779 858 855 920 ὅπου
870 855 991 919 οἱάλλοι
1000 856 1144 939 ἀριστῆες.

198 989 338 1048 22—25.
363 985 473 1066 άμμες
490 984 555 1067 γὰρ
574 996 695 1046 πάσαις
719 982 784 1044 άντλ
802 992 866 1044 τοῦ·
891 980 974 1061 ἡμεῖς
987 992 1081 1044 πᾶσαι
1094 1006 1145 1044 κα·

130 1087 180 1146 λαί
195 1083 291 1164 ἐσμεν,
310 1085 338 1146 εἰ
355 1084 395 1164 μὴ
414 1085 677 1166 παραβληθείημεν
695 1092 730 1167 τῇ
747 1076 858 1167 Ἑλένη.
886 1081 906 1161 ἥ
926 1104 958 1163 γε
980 1080 1041 1160 μὴν
1066 1104 1144 1143 νεο-

131 1185 210 1243 λαία
238 1181 296 1244 ἐστὶ
324 1184 433 1258 κυρίως
461 1179 476 1241 ὅ
505 1181 537 1243 ἐκ
562 1180 638 1242 νέων
665 1180 742 1254 λαός.
785 1180 828 1242 ὅτι
855 1177 886 1240 δὲ
912 1179 984 1252 έθος
1009 1174 1089 1260 εἶχον
1114 1181 1146 1241 αί

131 1281 283 1342 Λάκαιναι
301 1280 351 1342 καὶ
369 1281 403 1341 αἱ
419 1279 630 1359 Σπαρτιάτιδες
648 1277 795 1359 ἀνδρείοις
813 1278 988 1359 γυμνασίοις
1006 1276 1057 1339 καλ
1078 1278 1144 1360 δρά-
1156 1296 1183 1363 το

132 1402 197 1459 μοις
217 1377 372 1440 ἀσκεῖσθαι
391 1380 490 1457 δῆλον.

200 1508 250 1564 34.
275 1498 369 1582 ἐ’ταμ’
390 1504 426 1566 ἐκ
449 1503 657 1564 κελεόντωνι
680 1501 712 1562 ἐκ
734 1511 793 1563 τῶν
812 1502 989 1565 ίστοπάδων·
1013 1500 1145 1582 τέμνεται

131 1601 186 1683 γὰρ
205 1602 236 1663 τὸ
256 1603 380 1680 ὕφασμα
398 1601 430 1662 ἐκ
448 1609 501 1661 τοῦ
521 1602 614 1678 ἱστοῦ,
634 1601 705 1660 ὅταν
723 1606 854 1684 τελεσθῇ.

200 1722 313 1807 39s40.
337 1724 449 1806 άμμες
468 1718 494 1786 δ’
518 1726 552 1798 ές
572 1727 718 1807 δρόμονε
742 1724 784 1797 εἰς
802 1724 833 1785 τὸ
852 1724 1016 1805 γυμνάσιον
1027 1723 1081 1785 καλ
1094 1723 1146 1786 τὸν

132 1829 260 1904 λειμῶνα
278 1824 485 1907 πορευσόμεθα
505 1823 726 1905 άνθολομοῦσαι
743 1821 775 1882 έν
793 1821 864 1904 ἔαρι.
1161 1841 1185 1882 ιι

201 1954 251 2011 44.
275 1950 530 2030 καταθήσομεν
548 1949 583 2022 ές
602 1948 839 2010 πλατάνιστον
859 1944 890 2008 δέ
909 1946 974 2008 ἀντὶ
992 1956 1057 2008 τοῦ·
1081 1968 1146 2029 κρε-

133 2051 263 2128 μάσομεν
281 2048 333 2110 τὸν
347 2048 494 2127 στέφανον
508 2047 567 2110 άπὸ
581 2058 634 2127 τῆς
650 2046 800 2107 πλατάνου
819 2055 872 2124 τῆς
886 2044 918 2106 ἕν
932 2051 971 2129 τῷ
982 2046 1146 2131 γυμνασίφ.

201 2178 241 2237 45
245 2171 261 2256 ί
263 2178 314 2236 46.
333 2173 366 2248 ἐξ
382 2172 527 2246 ὅλπιδος
542 2172 583 2254 δέ,
598 2172 733 2252 δηλονότι
749 2169 780 2231 ἐκ
794 2171 943 2249 ληκύθου,
958 2169 1057 2231 ἔλαιον
1070 2169 1147 2256 αὐτῇ

133 2281 365 2355 προσρανοῦμεν.

201 2392 313 2479 47s48.
341 2398 525 2477 γράμματα
551 2389 579 2455 δ’
607 2394 643 2456 έν
669 2401 796 2481 φλοιῷτ
827 2393 1021 2476 ἐπιγράφεται
1046 2391 1079 2456 δὲ
1105 2400 1187 2479 σῷοι

134 2500 228 2581 φλοιῷ
245 2495 337 2573 αὐτῆς
355 2495 508 2575 γράμματα
527 2495 641 2576 Δώρια·
669 2495 771 2574 Δώρια
790 2491 836 2573 δέ,
862 2491 924 2554 ἐπεὶ
942 2491 992 2553 καλ
1010 2491 1098 2555 αάταλ
1115 2493 1150 2554 αλ

134 2593 370 2671 Λακεδαιμόνιαι
388 2592 528 2673 Δωρίδες.

206 2818 297 2873 Isch.
312 2820 357 2871 Ar.
372 2817 446 2871 Nub.
462 2822 496 2870 38
556 2817 632 2871 Suid.
653 2815 886 2883 καταδαρθάνειν
993 2814 1146 2884 8Hesych.

134 2894 215 2947 Phot.
236 2890 312 2945 Suid.
332 2887 446 2944 νεολαία
518 2888 605 2942 Bekk.
624 2890 676 2941 An.
696 2905 736 2957 gr.
757 2895 804 2954 52,
819 2893 852 2941 25
925 2886 983 2941 sch.
1002 2886 1066 2941 Luc.
1086 2892 1147 2954 m

135 2963 214 3018 Rabe
269 2963 325 3016 sch.
340 2961 404 3015 Eur.
416 2961 476 3014 Alo.
488 2965 538 3013 103
592 2959 909 3026 III.Gud.406‚1sturz
979 2969 1008 3010 ιε
1027 2956 1147 3027 Ηοιηολι.

135 3036 221 3103 Harp.
231 3034 311 3087 Phot.
323 3033 398 3086 Suid.
413 3032 552 3094 κελέονιες
588 3030 675 3084 Bekk.
688 3031 738 3086 An.
749 3049 790 3100 gr.
802 3036 901 3095 271,ss
939 3028 1008 3083 Poll.
1020 3028 1045 3082 X
1060 3034 1111 3083 125

136 3107 214 3161 Eunt.
230 3111 291 3173 884,
308 3111 339 3158 17
359 3104 443 3174 (Aelii
462 3104 542 3158 Dion.
558 3104 587 3156 et
604 3102 685 3156 Paua.
701 3103 759 3156 AII.
774 3102 842 3171 fgm.
860 3106 911 3154 228
926 3100 1071 3170 Schwabe)

207 3323 221 3364 4
250 3310 422 3376 κατέδαρθες
454 3308 568 3378 ευι·ίρεὶ;
600 3304 760 3375 κατέδαρθε
788 3307 819 3362 δέ
848 3306 941 3360 vodda
973 3304 1150 3373 κατέδραθες

136 3384 219 3438 Tricl.
288 3381 388 3448 δράθω
413 3398 463 3450 pro
490 3384 590 3447 δαρθῶ
616 3378 699 3433 Triel.
807 3387 836 3430 Io
861 3375 1040 3443 Σκαρτιάδες
1065 3376 1147 3431 codd.

136 3455 232 3520 nostri,
253 3470 322 3508 corr.
337 3452 418 3507 Tricl.
518 3462 546 3504 ιε
565 3449 808 3520 ἀνθολογήσυνααι
825 3449 934 3502 Ahrens
1028 3456 1056 3501 18
1075 3448 1151 3521 αὐτῷ

137 3527 227 3593 codd,
247 3524 353 3579 correxi
424 3534 450 3576 21
471 3523 554 3578 αδταλ
573 3523 692 3575 Ahrens:
712 3516 796 3575 αὗται
814 3524 875 3573 ΕΔε
896 3518 976 3573 ἄλλαι
994 3522 1016 3571 λλ
