2446 3870
159 139 201 204 28
525 136 638 191 Scholia
656 135 669 189 Ι
683 136 803 207 elle-d

159 317 217 367 τᾶν
232 306 409 385 μνηστήρων
423 304 472 366 καὶ
487 304 537 366 διδι
551 314 637 366 τοῦτο
651 301 789 384 λέγεσθαι
803 303 853 364 καλ
867 307 968 363 Πᾶνα·
984 297 1176 382 Ἐπιμενίδης

160 403 191 465 δὲ
211 403 242 464 ἕν
261 410 322 475 τοῖς
340 403 484 481 ποιήμασι
503 397 587 485 (fgm.
601 407 640 463 16
656 404 739 463 Diels
752 404 783 460 F
778 422 836 478 μιν.
847 405 875 462 d.
883 403 1016 463 Vorsolcr.
1026 402 1070 459 II
1071 393 1084 432 ³
1095 393 1175 482 192)

160 502 232 574 Διὸς
246 500 295 561 καλ
309 504 491 574 Καλλιστοῦς
507 505 595 560 Πᾶνα
609 499 659 561 καλ
670 495 798 583 Ἀρκάδα
813 500 968 577 διδύμους
987 492 1176 580 Ἀρίστιππος

160 598 191 661 δὲ
211 600 242 661 ἰν
261 605 322 672 τοῖς
337 592 521 681 Ἀρκαδικοῖς
536 593 651 681 (fgm.2
667 601 793 658 Mueller
806 601 890 674 Fym.
902 600 966 657 hist.
976 617 1020 672 με.
1033 598 1087 655 IV
1094 591 1175 675 327)

54 702 194 756 lusll’ml
213 697 285 770 Διὸς
295 696 344 758 καί
354 697 477 776 νύμφης
488 697 638 774 Οἰνηίδος.
680 699 708 756 d.
724 697 755 756 ολ
762 693 794 756 δὲ
804 695 949 776 λέγουσιν,
961 691 1019 774 [ότι
1030 692 1079 754 διόι
1088 702 1175 754 τοῦτο

160 872 217 926 seh.
228 871 278 924 Vll
294 870 413 942 109J10b
455 869 511 923 seh.
522 868 589 922 Fist.
602 874 666 940 isle
709 868 765 922 seh.
776 868 840 921 Eur.
851 867 933 921 Rhes.
945 874 978 920 36
994 869 1036 937 (ut
1050 866 1177 920 restituit

161 943 301 998 Schwartz
325 943 477 1011 praeeunte
500 939 680 1008 Muenzeli0):
703 936 753 994 τὸν
777 942 861 993 Πᾶνα
885 938 912 993 οἱ
936 939 986 1008 μὲν
1010 935 1177 1007 Πηνελόπης

161 1015 232 1082 φασί
251 1015 277 1084 <.
290 1056 296 1066 .
308 1013 336 1084 .>
357 1013 539 1084 [Καλλιστοῦς
556 1011 605 1064 καί
619 1012 688 1072 Διὸς
706 1012 812 1073 παῖδας
830 1007 998 1080 γενομένους
1012 1009 1040 1081 <.
1052 1051 1057 1062 .
1070 1008 1099 1081 .>
1119 1007 1172 1078 ἀφ’

164 1081 197 1152 ἧς
221 1084 286 1150 όρος
304 1083 472 1153 Κυλλήνης],
495 1081 573 1135 άλλοι
596 1082 627 1135 δὲ
650 1079 814 1143 Ἀπόλλωνος
837 1082 885 1135 καλ
903 1079 1068 1148 Πηνελόπης
1087 1080 1115 1152 <.
1127 1122 1133 1133 .
1145 1080 1176 1152 >

162 1158 198 1219 ὡς
212 1156 260 1209 καί
271 1152 422 1224 Εὐφορίων
437 1153 515 1223 (fgm.
528 1157 577 1205 128
589 1152 786 1206 Scheidweiler
795 1155 871 1207 Diss.
879 1154 927 1221 μίι.
937 1154 1029 1206 Βοιιιι.
1038 1156 1120 1218 1908,
1129 1155 1175 1222 76)

162 1227 190 1298 <.
203 1269 208 1279 .
220 1226 249 1297 .>
270 1224 302 1279 ὃν
321 1226 450 1294 ἔθρεψαν
469 1223 590 1293 νύμφαι·
610 1221 655 1278 διὸ
675 1224 724 1278 καί
742 1232 906 1293 νυμφαγενῆ
924 1220 1011 1278 αἰπύν
1025 1240 1096 1290 φασι
1109 1242 1176 1290 τρα-

162 1295 252 1365 φέντα
274 1294 341 1364 παρ’
369 1294 497 1358 ἐκείναις.
524 1293 656 1362 ’Ἀραιδος
679 1293 709 1348 δὲ
732 1295 746 1349 δ
768 1295 906 1365 Τεγεάτης
924 1295 1001 1365 (fgm.
1022 1299 1037 1347 ό
1057 1293 1178 1348 Mueller

163 1371 242 1438 Fym.
257 1370 318 1422 hist.
330 1385 370 1437 με.
381 1369 431 1423 IV
441 1369 504 1436 319)
523 1365 647 1433 Αἰδέρος
666 1367 752 1422 αὐτόν
771 1368 820 1420 καί
834 1367 945 1435 νύμφης
962 1362 1066 1434 Οἰνόης
1079 1384 1176 1434 μενεα-

162 1443 244 1506 λογεῖ.
278 1439 347 1493 ἔνιοι
371 1438 402 1493 δὲ
421 1436 566 1507 Ὀρσινόης
590 1437 703 1506 νύμφης
726 1438 774 1491 καί
793 1436 905 1506 Ἑρμοῦ.
940 1435 1121 1506 Ἐπιμενίδης
1144 1437 1177 1491 δὲ

162 1513 332 1572 Καλλιστοῦς
354 1510 403 1563 καί
421 1507 490 1571 Διὸς
513 1511 618 1571 παῖδας
637 1513 806 1578 γεγενῆσθαι
825 1513 912 1563 Πᾶνα
931 1509 978 1562 καί
998 1507 1114 1576 Ἀρκάδα
1133 1511 1176 1562 δι-

163 1582 269 1649 δύμους
288 1580 315 1652 <.
327 1622 333 1634 .
345 1580 382 1653 .>
403 1579 537 1644 Μνασέας
557 1580 634 1650 (fgm.
652 1587 665 1633 ”l
682 1580 801 1634 Mueller
819 1581 899 1651 Πμκι.
914 1581 975 1634 λόει.
990 1598 1029 1650 ην.
1045 1581 1101 1634 ΙΙΙ
1112 1582 1177 1648 150)

163 1654 194 1707 δὲ
218 1653 397 1720 ξενικώτερον
421 1653 572 1720 ἀφηγεῐται
593 1651 628 1705 τδι
651 1653 715 1719 περὶ
735 1655 818 1707 Πᾶνα
895 1650 1031 1722 Αἰσχύλος
1048 1649 1125 1720 (fgm.
1142 1655 1177 1704 35

163 1722 264 1777 Nauck
285 1725 366 1794 Ττομ.
381 1741 420 1793 με.
436 1723 516 1794 sym.²
531 1725 574 1791 13)
593 1722 624 1776 δὲ
644 1723 695 1777 δύο
711 1726 822 1788 Πᾶνας,
840 1720 890 1777 τὸν
909 1723 958 1791 μὲν
973 1719 1056 1790 Διός,
1076 1719 1109 1776 ὃν
1127 1723 1178 1775 καὶ

164 1794 283 1864 δίδυμον
303 1793 452 1867 (Ἀρκάδος
472 1794 535 1847 add.
551 1795 664 1861 Franz),
686 1795 735 1848 τὸν
755 1794 786 1850 δὲ
804 1792 925 1862 Κρόνου.
954 1792 1044 1864 [παρὰ
1063 1793 1105 1864 δὲ]
1124 1793 1178 1862 την

164 1865 316 1935 αἰφνιδίων
336 1863 433 1937 φόβων
451 1865 577 1934 ταραχὴν
596 1866 714 1934 ἀνῆψαν
728 1866 804 1919 Πανλ
823 1864 871 1918 διδι
890 1865 955 1926 τοὺς
968 1864 1053 1934 ἤχους
1066 1865 1132 1927 τοὺς
1146 1865 1178 1918 ἐν

163 1947 222 2063 {lt
237 1937 312 2078 ὄδὲἷί
326 1933 1177 2077 llllillt’·Mllittltltt‘lllt‘ltitltissuu

166 2081 329 2149 Πηνελόπης
347 2082 395 2134 καλ
413 2090 469 2135 τῶν
487 2079 651 2149 μνηστήρων
669 2079 795 2133 πάντων·
816 2078 842 2133 οἱ
857 2078 910 2148 γὰρ
925 2080 1054 2144 νεώτεροι
1067 2075 1178 2146 πόρνην

164 2151 274 2220 λέγουσι
296 2152 347 2220 τὴν
367 2150 545 2221 Πηνελόπην·
569 2151 647 2206 άλλοι
666 2147 693 2205 δ’
715 2151 745 2206 ἐκ
764 2147 930 2219 Πηνελόπης
948 2150 996 2203 καλ
1012 2147 1115 2218 Ἑρμοῦ
1135 2147 1178 2204 λέ·
1212 2170 1215 2176 *

165 2239 262 2292 νουσιν
281 2219 355 2276 εἰναι
372 2224 422 2277 τὸν
441 2227 534 2278 Πᾶνα.
562 2221 670 2292 λέγεται
689 2222 754 2277 Πὰν
773 2224 959 2291 ἀλληγορικῶς
977 2220 1054 2287 παρά
1072 2219 1103 2275 τὸ
1122 2223 1178 2275 ἐοι-

165 2293 245 2348 κέναι
267 2298 304 2362 τῷ
328 2291 433 2365 κόσμῳ,
457 2294 528 2348 κατδι
552 2295 602 2363 μὲν
625 2294 660 2347 τδι
684 2292 787 2361 κέρατα
810 2291 877 2365 ἡλίῳ
900 2293 949 2346 καί
969 2292 1081 2361 σελήνῃ,
1105 2291 1178 2346 κατά

165 2366 196 2419 δὲ
219 2363 254 2416 τδι
278 2363 357 2431 σκέλη
379 2373 412 2434 τῇ
437 2373 470 2435 γῇ
495 2365 592 2419 διὰτὸ
612 2366 683 2419 δασύ
702 2374 758 2418 τῶν
777 2373 890 2434 τριχῶν,
914 2363 986 2418 κατὰ
1006 2364 1037 2418 δὲ
1055 2363 1091 2417 τά
1108 2362 1178 2432 μέσα

165 2445 223 2496 τοῖς
242 2436 387 2503 μετεώροις
402 2436 430 2506 <.
441 2477 464 2488 ..
480 2435 532 2489 lec.
547 2436 693 2501 indicavi>
708 2435 757 2489 διδι
774 2435 824 2496 τὰς
837 2433 1010 2504 καταιγίδας.
1064 2433 1177 2488 Cornut,

165 2505 261 2561 Theoi.
276 2524 316 2576 gr.
333 2522 421 2574 comp.
437 2511 483 2559 27:
507 2515 607 2560 τοῦτον
631 2507 701 2575 (scil.
724 2504 774 2560 τὸν
798 2504 862 2559 ὅλον
885 2503 1000 2575 κόσμον)
1019 2503 1178 2574 νομίζουσιν

166 2573 240 2631 εἰναι
258 2578 306 2630 καί
325 2574 374 2630 τὸν
390 2581 484 2644 Πᾶνα,
504 2577 600 2646 ἐπειδὴ
618 2583 656 2649 τῷ
672 2578 758 2631 παντλ
777 2576 791 2631 δ
811 2574 896 2638 αύτός
914 2578 978 2631 ἐστι.
1008 2577 1059 2630 καίΙ
1074 2576 1109 2630 τὰ
1128 2577 1179 2644 μὲν

165 2648 239 2702 κάτω
263 2648 346 2702 λάσια
369 2648 417 2701 καί
439 2650 568 2718 τραγάδη
593 2648 640 2702 διὰ
663 2649 714 2716 τὴν
736 2657 785 2718 τῆς
808 2656 858 2717 γῆς
877 2648 1018 2717 δασύτητα
1038 2647 1111 2715 ἔχειν

166 2717 281 2790 νεβρίδα
305 2720 335 2773 δὲ
360 2717 377 2787 ἢ
401 2722 549 2788 παρδαλῆν
573 2720 659 2774 αἰτόν
680 2722 806 2788 ἐνῆφδαι
825 2718 873 2773 διὰ
891 2719 943 2789 τὴν
961 2717 1104 2774 ποικιλίαν
1123 2728 1179 2773 τῶν

166 2790 274 2857 άστρων
292 2791 340 2844 καλ
359 2799 414 2844 τῶν
433 2790 523 2845 ἄλλων
559 2791 692 2859 ρωμάτων
711 2790 729 2844 δι
748 2794 898 2858 θεωρεῖται
918 2787 949 2846 ἐν
966 2793 1040 2862 αύτῷ
1056 2789 1126 2860 (scil.
1140 2793 1179 2843 τῶ

166 2863 295 2933 ούραυῷ).
325 2861 456 2930 συρικτὴν
476 2859 507 2914 δὲ
527 2811 600 2917 εἰναι
618 2861 689 2932 τάχα
708 2863 759 2931 μὲν
778 2861 826 2916 διδι
842 2861 873 2917 τὸ
889 2862 943 2917 ὑπὸ
958 2860 1100 2916 παντοίων
1115 2845 1179 2915 &vi-

237 3033 250 3074 1
269 3023 317 3076 καλ
337 3021 507 3076 διὰ-Πᾶνα
527 3024 556 3074 et
574 3021 604 3074 ἐν
622 3032 681 3084 τοῖς
698 3022 833 3090 ποιήμασι
852 3025 880 3076 et
894 3024 924 3077 ἰν
938 3031 996 3083 τοῖς
1009 3020 1179 3088 Ἀρκαδικοῖς

168 3100 255 3147 om.1’
361 3091 539 3160 ιἈρκάδιον
564 3097 651 3157 GEs,
675 3109 729 3160 quo
753 3095 865 3162 recepto
888 3092 1045 3146 hexametri
1068 3094 1179 3160 partem

167 3164 274 3218 Ahrens
294 3164 439 3218 constituit
541 3173 633 3224 4τοῖς
648 3162 820 3230 Ἀρκαδικοῖς
844 3165 953 3232 scripsi:
977 3168 1015 3234 τῷ
1035 3160 1181 3227 Ἀρκαδικόν

168 3236 261 3290 codri:
284 3239 322 3307 τῷ
347 3235 377 3289 α’
397 3233 567 3303 Ἀρκαδικῶν
586 3235 665 3303 Toup
773 3234 931 3301 ιΑλθόρος
948 3251 998 3302 pro
1018 3233 1086 3294 Διὸς
1106 3235 1166 3286 coni

168 3306 275 3360 Ahrens
299 3323 314 3360 e
336 3305 405 3360 loeis
430 3305 568 3360 similibus
644 3302 776 3367 Οίνυίδυς
799 3311 943 3357 Klffl'l:
973 3303 990 3372 ἢ
1013 3302 1123 3372 Νηίδος
1145 3311 1157 3356 Γ

168 3376 277 3448 Νηίδος
301 3384 352 3430 1²⁰¹:
381 3376 485 3448 Οἰνόης
507 3376 619 3432 Ναίδι·
644 3394 693 3431 σου
751 3376 837 3420 λίνων
905 3377 931 3412 ’λι
949 3374 1019 3424 Ae„
1040 3374 1153 3428 Wilam

169 3449 233 3503 witz
288 3445 537 3520 lnpostthwvae
637 3455 665 3486 λ·
759 3483 761 3488 ·
1023 3452 1068 3496 ¹⁹:
1088 3445 1163 3496 isle--

169 3523 259 3574 totsu
278 3520 440 3575 sententiem
