2438 3870
127 116 193 180 244
441 69 826 188 eonomine-anses

99 290 115 335 Κ
189 284 217 345 b.
242 281 458 365 φιαρωτέρατ
485 281 682 364 λαμπροτέρα,
710 282 916 365 καθαρωτέρα·
948 283 1059 364 φιαρὸν
1081 283 1139 365 γὰρ

122 381 155 443 τὸ
175 380 317 463 λαμπρόν.

91 526 95 534 .
190 500 213 540 ο.
238 476 1139 560 φιαρωτέρα-γράφετοιισφριγανωτέρα-<ὄμφα-

123 601 184 650 κος
203 572 334 655 ipis),
353 576 370 638 θ’
388 574 447 636 έστι
464 575 533 650 νέας
551 574 718 655 παρθένου·
743 575 855 655 ὅμφαξι
872 577 927 659 γάρ
950 576 1139 652 ἀπεικάζουσι

123 675 177 754 τὴν
196 674 286 756 ὥραν.
1132 720 1137 729 .
1168 695 1181 734 ε

19 777 136 833 ιὐῑεῑλ
190 775 217 834 d.
242 771 446 853 φιαρωτέρα
475 770 636 851 ὄμφακος
660 769 768 852 ὠμῆςε
796 773 907 853 φιαρὸν
930 772 962 834 τὸ
986 772 1140 847 εὐσθενές·

123 869 218 952 ἤγουν
237 869 422 951 λαμπροτέρα
439 867 460 949 ἣ
479 869 688 950 στρυφνοτέρα.

19 989 138 1038 unm
194 981 245 1037 24.
268 979 397 1038 λύκον
424 977 573 1038 πολιὸν
601 975 665 1038 άντλ
694 986 746 1039 τοῦ
774 977 887 1039 λευκόν.
925 979 956 1039 οἱ
975 977 1030 1060 γάρ
1056 979 1140 1040 λύκοι

124 1075 303 1147 αἰθαλώδεις
322 1075 377 1154 τὴν
396 1074 511 1155 χροιάν·
535 1073 598 1135 έπελ
622 1067 678 1135 οὖν
699 1074 731 1136 έκ
749 1074 874 1154 μέλανος
891 1073 942 1137 καλ
960 1081 1066 1137 λευκοῦ
1084 1077 1141 1138 εἰσι

124 1172 158 1233 τά
177 1181 311 1251 τοιαῦτα,
330 1167 392 1234 εἶπε
410 1182 644 1252 καταχρηστικῶς
662 1174 731 1246 τοὺς
749 1175 859 1246 λύκους
877 1173 1007 1246 λευκούς.
1045 1171 1064 1253 ἢ
1083 1195 1139 1236 πο·
1154 1194 1182 1232 ιο

125 1271 206 1344 λιοὺς
225 1269 290 1330 ἀντὶ
308 1279 361 1330 τοῦ
380 1270 531 1342 παλαιούς.

99 1391 115 1435 κ
193 1381 243 1438 28.
267 1373 342 1438 οὐδ’
364 1377 414 1438 ἔτι
432 1398 479 1436 ποι
497 1387 576 1438 νῦνι
596 1377 632 1438 οὐ
647 1377 777 1455 δύναμαι
791 1377 966 1439 παύσασθαι
979 1377 1009 1452 ἐξ
1024 1378 1140 1440 ἐκείνου

124 1485 176 1537 τοῦ
200 1475 322 1556 χρόνου,
348 1469 421 1534 καθ’
443 1471 478 1535 ὃν
502 1469 583 1536 εἶδόν
607 1492 652 1555 σε,
678 1473 745 1536 οὔτε
768 1474 839 1554 μετὰ
860 1485 946 1537 τοῦτο
970 1474 1037 1537 οὔτε
1058 1474 1141 1559 μέχρι

124 1597 177 1636 του
195 1597 260 1634 νον.

19 1674 198 1730 Κιῑῑιέέλθῐιι
214 1674 265 1732 31.
289 1668 441 1751 ὀφρῦςτ
464 1669 544 1750 παρά
567 1670 599 1731 τὸ
622 1669 691 1743 τοὺς
715 1664 797 1744 ὦπας
820 1672 978 1748 φυλάττειν
1000 1670 1050 1732 καὶ
1072 1673 1140 1753 <inis-
1155 1690 1182 1730 ιε

125 1775 209 1844 σθαι,
227 1766 347 1848 ὠπορύς
364 1791 408 1841 τις
427 1761 510 1829 οὖσα.
873 1847 875 1851 ¹
896 1778 897 1782 ’

21 1872 111 1928 σἐλτ
193 1870 243 1926 37.
272 1866 313 1927 οὐ
336 1876 510 1946 χειμῶνος
533 1864 640 1952 άκρφε
669 1865 763 1947 ἤγουν
786 1865 819 1927 έν
842 1873 880 1950 τῷ
903 1867 1063 1952 μεσαιτάτῳ
1087 1877 1140 1930 τοῦ

126 1973 276 2044 χειμῶνος,
296 1964 367 2024 ὥστε
386 1961 480 2046 άκρου
494 1963 627 2026 ἐνταῦθα
641 1962 660 2044 ἡ
675 1963 753 2043 ἀκμὴ
768 1974 821 2026 τοῦ
835 1973 984 2044 χειμῶνος.
1013 1963 1032 2045 ἢ
1047 1962 1140 2046 άκρον

126 2061 199 2145 λέγει
217 2063 249 2125 τὸ
268 2061 348 2136 τέλος
367 2059 421 2141 μέν
439 2071 492 2124 τοῦ
511 2064 727 2144 φθινοπώρου,
755 2061 849 2144 ἀρχὴν
868 2060 900 2124 δὲ
917 2071 971 2123 τοῦ
988 2073 1153 2143 χειμῶνος.’

100 2175 116 2218 κ
194 2163 336 2242 38χ39ο.
359 2159 414 2220 τλν
433 2160 469 2222 τὸ
488 2162 596 2238 φίλον
616 2161 855 2241 γλυκάμαλονε
879 2159 974 2239 αὐτὴν
992 2159 1067 2242 λέγει
1084 2161 1140 2240 τὴν
1153 2178 1181 2219 εο

125 2259 286 2319 Γαλάτειαν
304 2257 359 2336 τήν
378 2263 527 2338 προσφιλῆ
543 2257 636 2344 ἑαυτῷ
649 2263 743 2337 μῆλον
757 2256 951 2338 χαριέστατον.
977 2255 993 2319 ὅ
1008 2256 1040 2320 δέ
1053 2267 1140 2332 νοῦς·

127 2357 234 2437 συρίζω
253 2353 285 2416 δέ
304 2353 344 2428 ὡς
363 2355 463 2427 οὐδεὶς
481 2365 539 2415 τῶν
553 2356 728 2416 Κυκλώπων
748 2353 823 2434 ὁμοῦ
847 2353 878 2416 σέ
892 2378 931 2434 τε,
950 2349 1140 2434 ὦΓαλάτεια,

125 2453 157 2515 τὸ
176 2451 362 2533 χαριέστατον
381 2452 446 2531 έμολ
464 2458 569 2532 μῆλον,
588 2451 639 2513 καὶ
656 2452 784 2532 ἐμαυτὸν
804 2449 894 2537 ᾄδων.

196 2635 209 2676 1
233 2624 354 2692 Hesych.
373 2625 453 2678 Phot.
473 2624 549 2678 Suid.
570 2624 675 2693 φιαρόν
783 2635 797 2676 8
822 2624 878 2678 sch.
896 2623 978 2677 ΛΒΤ
993 2627 1021 2678 Κ
1034 2629 1086 2678 834

31 2733 36 2752 .
126 2696 204 2750 Enst.
219 2701 284 2762 809,
299 2701 334 2749 38
389 2696 432 2750 Ei.
448 2695 485 2748 M.
501 2701 565 2760 680,
581 2701 615 2749 28
701 2705 729 2748 15
747 2695 840 2750 Melet.
855 2694 955 2764 (Crem.
971 2695 1023 2750 An.
1038 2694 1142 2750 01.111

127 2772 169 2834 69,
184 2769 228 2836 26)
282 2767 345 2820 Joh.
360 2767 449 2821 Maur.
466 2773 516 2820 165
536 2766 737 2836 (Reitzenstein
757 2768 849 2822 Gesch.
864 2768 890 2820 d.
904 2784 944 2837 pr.
962 2768 1009 2822 Et.
1024 2769 1089 2832 178)

126 2839 169 2893 Et.
185 2838 222 2892 M.
238 2843 303 2906 644,
318 2843 352 2892 34
371 2838 416 2908 (ef.
432 2837 511 2907 Gen.)
566 2837 609 2892 nt.
625 2837 696 2892 Gud.
712 2843 777 2904 444,
792 2844 835 2892 24.
851 2843 884 2890 33
900 2838 979 2891 Stnrz
1034 2837 1078 2894 st.
1094 2837 1140 2893 Or.

128 2915 191 2978 117,
207 2916 223 2963 6
238 2909 381 2979 (Soranus)
437 2909 494 2963 seh.
509 2908 580 2978 Opp.
597 2908 752 2963 Hal.1258
809 2910 885 2964 Eusi.
901 2915 966 2973 144,
981 2913 1014 2962 42

196 3080 211 3122 ε
231 3069 458 3140 σφιγγανεωτέρα
477 3071 552 3137 ασελ,
580 3086 649 3124 corr.
669 3086 685 3123 e
705 3069 772 3122 Call.
793 3069 903 3140 Ziegler
958 3069 1088 3140 supplevi

127 3152 142 3194 ε
160 3140 292 3202 εὐσθενὲς
310 3147 344 3195 E:
364 3140 485 3202 ἀσθενές
504 3143 569 3196 neti.
643 3151 670 3193 ιε
689 3140 766 3208 παρὰ
784 3137 816 3196 τὸ
831 3161 853 3196 τ.
869 3135 919 3195 oin.
936 3137 959 3210 ὁ.
975 3141 1086 3209 ὠποράς
1099 3160 1142 3204 τις

127 3209 198 3267 οὖσα
221 3209 238 3280 ἢ
262 3211 340 3278 παρὰ
362 3212 393 3266 τὸ
417 3233 438 3265 τ.
465 3207 515 3266 ὦπ.
540 3210 690 3281 φυλάττειν
708 3213 757 3265 καλ
775 3208 799 3281 p‘.
819 3219 855 3279 K,
884 3211 934 3281 qui
952 3215 1141 3267 correcturum

127 3282 249 3352 exempli
272 3284 316 3336 sui
339 3300 389 3352 pro
413 3283 503 3337 altere
526 3283 715 3351 explicatione
734 3283 847 3338 hebuit:
872 3283 983 3352 ὀπωρύς
999 3303 1042 3346 τις
1060 3280 1141 3352 ολισα,

126 3356 186 3424 ἡν.
205 3350 256 3410 ὧπ.
277 3351 397 3424 ῥυομένη
421 3355 468 3408 καλ
493 3354 673 3423 φυλάσσουσα
692 3357 756 3408 cett.
864 3365 891 3408 12
911 3354 929 3409 l.
945 3371 998 3408 om.
1013 3359 1086 3407 UH

127 3437 154 3479 τι
174 3422 264 3481 inveni
282 3429 370 3495 μῆλον
388 3425 568 3496 χαριέστατον
588 3425 700 3494 scripsi:
720 3425 820 3480 ἑαυτοῦ
834 3435 884 3481 τοῦ
899 3426 988 3496 μήλου
1000 3424 1142 3496 χαριεστέ-

128 3518 181 3565 ραν
200 3483 274 3552 cosi:
295 3497 395 3552 ἑαυτοῦ
415 3497 513 3550 esteris
533 3495 632 3551 deletis
653 3496 761 3566 Ziegler
