2438 3870
150 124 214 190 170
469 124 582 180 Scholia
600 127 626 179 v
641 126 842 190 τιμτο-οτα

103 303 139 348 PT
214 295 242 354 b.
266 293 327 354 άίε
354 316 407 354 τοι
436 291 455 352 ά
483 292 617 370 πολμνα
643 303 687 355 τῶ
718 294 859 376 Θουρλω
887 291 960 355 έστί
988 293 1164 375 Σιβάρτα,

150 391 299 472 Εἰμάρα
321 389 358 453 δὲ
380 390 441 464 τὰς
463 386 566 474 αἶγας
590 391 675 478 ὁρῇς
697 394 778 472 φίλτ
800 400 844 452 τῶ
868 391 1070 472 Συβαρίτας
1094 388 1165 470 άλλη

150 491 285 572 Σύβαρις
303 492 354 554 καί
371 492 446 573 άλλη
467 494 591 573 Θουρία·
612 485 698 564 οὗτος
715 489 771 572 γὰρ
791 491 926 567 διῖστησι.

41 602 164 648 xum
219 593 268 653 74.
292 592 342 670 μή
365 592 410 653 τά
433 615 494 664 τις
517 589 664 672 ἠράταε
689 597 775 650 τοῦτο
799 585 814 649 ὅ
837 587 951 648 Λάκων
974 584 1072 666 φησλν
1094 585 1166 669 ἀγα-

149 699 264 749 νακτῶν
282 688 330 751 έπί
347 697 387 776 τῷ
403 696 545 772 προπετεῐ
559 687 608 749 καί
626 685 768 771 περιέργῳ
787 694 840 765 τῆς
857 685 992 767 γλώσσης
1010 683 1121 747 αὐτοῦ.
1188 704 1197 744 ι

218 781 345 868 78ἰ799..
365 783 433 870 [εἰα
451 781 532 870 λέγ’,
551 788 631 848 εἴτι
650 780 776 866 λέγεις]
790 782 872 863 <τὸν
891 781 1047 857 ξένονές
1060 783 1166 846 πάλιν

149 875 259 958 αὖθις
283 888 394 959 ζῶντ’·
407 884 530 966 άφεςι>
553 885 595 947 ἔτι
612 883 663 944 καὶ
681 892 738 944 νῦν
757 888 818 954 τοίς
837 874 877 942 δι’
899 879 986 961 ὄχλου
1005 879 1066 942 τινί
1083 903 1166 963 γινο-

149 979 250 1061 μένοις
266 984 416 1064 εἰώθαμεν
434 994 520 1046 τοῦτο
534 983 640 1064 λέγειν·
658 979 728 1054 άνες
741 978 811 1041 ποτέ
824 979 876 1040 τὸν
889 976 1066 1059 άνθρωπον.
1090 978 1167 1060 λέγει

149 1078 181 1141 δὲ
200 1076 333 1161 [τοῦτον]
351 1081 404 1145 τὸν
422 1081 508 1156 ξένον
526 1081 577 1143 τὸν
595 1076 825 1159 παρακληθέντα
842 1083 949 1157 κρῖναι.

81 1190 139 1233 m
217 1181 242 1240 b.
266 1173 364 1251 ζῶντ’
391 1178 494 1258 άφτςι
519 1178 604 1240 τοῦτό
631 1194 707 1256 φησι
732 1175 829 1237 θέλων
853 1184 972 1253 σκῶψαι
995 1173 1090 1238 αὐτὸν
1114 1176 1165 1239 τὸν
1178 1195 1198 1235 ιο

148 1275 283 1352 αἰπόλον,
302 1274 343 1350 ὡς
360 1275 450 1356 άηδές
468 1300 496 1338 τι
514 1274 609 1355 μέλλει
626 1274 705 1348 λέξαι
723 1272 774 1335 καί
793 1274 863 1346 ἴσως
881 1271 919 1334 dcv
937 1272 971 1334 έιι
989 1281 1043 1352 τῆς
1057 1271 1166 1352 άηὸἰας

148 1372 198 1433 καί
217 1370 232 1433 ὁ
252 1373 388 1456 Μάρσων
402 1371 537 1454 ἡμιθνὴς
549 1374 702 1455 γενήσεται
716 1369 736 1451 ἢ
750 1370 800 1432 ιιαλ
814 1369 894 1445 τέλος
907 1371 1000 1455 θάνη.
1026 1368 1047 1450 ’ὴ
1063 1366 1163 1444 ζῶντ’

148 1468 237 1550 άφες
255 1469 321 1533 άντλ
339 1481 391 1533 τοῦ
410 1473 516 1552 ταχύν,
535 1471 593 1534 άπὸ
612 1480 665 1532 τοῦ
685 1468 751 1544 ζέω·
770 1468 840 1542 τοὺς
859 1469 915 1550 γὰρ
933 1474 1029 1549 ταχεῖς
1048 1467 1167 1543 ζέοντας

131 1567 198 1640 ,καί
222 1569 354 1650 θερμοὺς
371 1568 496 1651 λέγουσι.
528 1579 620 1631 ταῦτα
638 1567 671 1630 δέ
690 1585 784 1646 φησιν
803 1565 819 1627 ὅ
838 1567 952 1628 Λάκων
971 1564 1011 1640 ὡς
1031 1567 1165 1650 διαλεγο-

149 1665 240 1746 μένου
259 1677 311 1728 τοῶ
331 1669 456 1729 αἰπόλου
474 1674 513 1752 τῷ
533 1667 690 1748 Μόρσωνι.
1180 1682 1200 1723 α

103 1776 140 1819 ΡΤ
216 1786 239 1825 ο.
259 1764 317 1826 καὶ
336 1766 396 1828 τὸν
414 1763 518 1841 ξένον
536 1763 570 1837 ές
588 1764 693 1825 πόλιν
712 1757 821 1838 αὖθις
841 1758 938 1837 ζῶντ’
959 1761 1062 1842 άφεςι
1081 1787 1167 1827 τουτ-

150 1860 238 1940 έστιν,
256 1860 308 1924 ἵνα
326 1865 367 1945 μὴ
386 1863 445 1926 ὑπὸ
463 1874 516 1926 τοῦ
536 1862 642 1944 μέλους
661 1861 759 1942 ὥσπερ
775 1862 834 1924 ὑπὸ
848 1871 907 1922 τῶν
921 1862 1080 1943 Σειρήνων
1095 1886 1167 1944 πρα-

148 1959 252 2039 τηθείς
270 1960 423 2042 ἀπόληται.
454 1972 540 2024 τοῦτο
560 1959 591 2023 δέ
609 1963 769 2043 εἰρωνικῶς
788 1977 890 2039 φησιν.

123 2071 138 2112 Ρ
216 2055 272 2140 [d.]
297 2054 319 2121 ὦ
339 2061 471 2122 Παιάνι
490 2054 513 2121 ὦ
532 2069 585 2121 τοῦ
603 2060 768 2138 θαύματος.

40 2165 184 2212 etum?
216 2154 321 2240 80s81.
344 2158 409 2220 ταί
432 2159 593 2220 Μοῖσαί
619 2180 662 2237 με
686 2161 876 2235 φιλοῦντα
904 2153 978 2236 ἀρχὴ
1005 2165 1059 2236 τῆς
1088 2150 1200 2243 ᾠόηςιι

149 2256 280 2333 Κομάτα.
313 2256 388 2335 φησί
407 2255 438 2317 δὲ
457 2255 549 2318 αὐτὸν
568 2260 678 2334 μᾶλλον
696 2254 755 2316 ὑπὸ
773 2264 832 2314 τῶν
852 2257 991 2314 Μουσῶν
1007 2259 1166 2331 φιλεῖσθαι

149 2350 239 2431 ἢτὸν
258 2355 387 2431 Δάφνιν.

217 2452 267 2511 82.
290 2450 348 2512 καὶ
371 2451 435 2532 γὰρ
458 2445 508 2530 ἔμ’
524 2449 719 2512 Ὡπόλλωυε
742 2445 803 2511 εἶτα
827 2448 842 2510 ὁ
865 2450 979 2510 Λάκων
1001 2448 1091 2532 λέγει·
1116 2450 1168 2514 καί

149 2545 204 2629 γὰρ
222 2546 272 2627 ἐμὲ
291 2547 306 2610 ὃ
323 2545 472 2610 Ἀπόλλων
492 2554 579 2626 φιλεῖ.

42 2654 186 2700 mum
218 2648 294 2706 83a.
318 2644 358 2705 τὰ
386 2642 422 2706 δὲ
445 2646 603 2724 Κάρνεαε
631 2647 782 2725 Πράξιλλα
812 2640 896 2728 (fgm.
919 2652 936 2708 7
961 2647 1063 2727 Bergk
1085 2650 1204 2710 Pom

150 2737 361 2819 lyr.9r.1114
381 2737 459 2825 568)
485 2740 538 2822 μὲν
562 2742 620 2806 ἀπὸ
644 2745 767 2824 Κάρνου
790 2744 885 2824 φησὶν
908 2743 1087 2824 ὠνομάσθαι
1112 2755 1168 2808 τοῦ

219 2891 232 2932 1
256 2879 312 2934 soh.
333 2880 375 2932 ld
483 2890 512 2932 25
536 2880 572 2934 ad
592 2881 649 2935 sch.
665 2880 747 2933 a—d
765 2880 800 2934 cf.
820 2880 980 2934 Kalkmann
998 2853 1168 2938 Pausffis

149 2951 197 3005 der
215 2953 350 3022 Ρωίτρτλ,
369 2955 456 3017 1886,
474 2955 644 3018 211-213;
666 2951 795 3006 Wentzel
809 2949 935 3007 Ἐπικλ.
954 2957 1061 3019 θεῶν,
1085 2954 1167 3010 Dias.

144 3022 192 3089 ph.
210 3023 281 3076 Gott.
297 3026 381 3088 1889,
400 3024 516 3078 V1127.
531 3027 568 3077 36

218 3157 233 3197 4
251 3146 283 3199 l.:
302 3150 336 3199 ut
353 3165 438 3216 supra
456 3155 491 3200 K:
510 3156 548 3202 τῶ
565 3147 677 3215 Θουρλω
692 3149 749 3203 ἐστὶ
763 3147 898 3217 Σοβάρτα
913 3148 977 3202 cett
1051 3159 1066 3202 ὅ
1085 3168 1169 3218 περι-

149 3215 218 3286 έργῳ
232 3217 348 3271 Reiske:
366 3217 495 3290 παρέργῳ
515 3220 595 3273 codd.
651 3220 738 3273 αὐτοῦ
753 3237 806 3273 om.
823 3224 948 3272 dnm
1019 3223 1168 3276 ereetum

149 3288 168 3342 l.
183 3287 311 3342 revocavi
366 3291 454 3344 στινί
467 3298 502 3344 K:
521 3287 598 3353 τινὸς
616 3293 680 3344 cett.
718 3289 877 3359 γενομένοις
890 3298 914 3343 Κ
967 3289 1057 3344 odeL
1070 3291 1167 3348 Wils·

148 3361 259 3414 mowitz
331 3371 358 3412 τι
372 3358 473 3416 ἑαυτὸν
486 3369 531 3415 ΡΤ
585 3365 688 3430 μᾶλλον
708 3379 761 3416 om.
772 3365 898 3414 dmm
938 3371 1000 3415 -25
1018 3361 1169 3430 Πράξιλλα

148 3431 349 3500 Hemsterhuys
373 3434 402 3486 οἰ
420 3432 550 3488 Warton:
574 3431 732 3500 Πραξίλλας
755 3432 835 3487 codd.
935 3443 965 3485 ιο
987 3431 1107 3504 Κάρνου
1129 3443 1169 3493 Κε

149 3503 263 3572 Κάρνης
282 3508 314 3555 d:
335 3501 462 3572 Καρνίου
479 3504 533 3574 (vel
547 3502 629 3574 πίσω)
649 3508 715 3558 cett.
