2438 3870
413 123 525 178 sonora
543 123 770 196 mcv-rovira
998 105 1003 116 '
1033 125 1095 189 127

153 297 203 356 37.
223 293 363 352 όίλλεται
383 287 572 371 ὀφθαλμός
591 313 668 370 μευτ
687 293 829 353 δοκοῦσιν
847 289 981 369 ὄψεσθαί
996 315 1063 353 τινα
1087 303 1209 349 taum

84 402 143 452 τῶν
163 391 290 469 οἰκείων,
310 388 348 450 δν
367 389 511 450 όίλλωνται
529 391 561 451 οἱ
577 387 734 470 ὀφθαλμοί
752 387 848 471 [μου].

154 510 204 567 38.
228 505 394 585 σἰσεῦμαιτ
416 498 553 579 Ἰωνικῶς
574 506 804 587 λυπηθήσομαι,
829 505 1020 587 ἀδημονήσω·
1044 505 1128 586 όίσηκ

86 605 142 687 μὰρ
161 601 180 682 ἡ
199 603 355 682 ἀδημονία.
388 600 465 675 τινὲς
484 601 516 664 δὲ
535 602 600 664 ἀντὶ
618 613 671 664 τοῦ
689 604 852 683 πλησιάσω.

59 726 72 766 ο
155 697 350 782 [lo-raa]
375 701 515 763 ἐντεῦθεν
533 699 649 782 όίρχεται
666 711 719 780 τῆς
737 698 823 788 ᾠδῆς.
879 734 881 738 ⁴
1063 767 1066 775 ,
1111 710 1174 766 u⁸r⁸

152 819 180 878 b.
205 814 430 897 Ἱππομένηςε
454 811 631 898 Ἱππομένης
660 815 675 878 δ
698 814 764 891 υίὸς
783 815 994 901 <Μεχ>αρὲως
1012 827 1065 897 τῆς
1088 826 1210 873 mm

87 913 235 997 Σχοινέως
252 903 429 994 Ἀταλάντης
448 923 500 994 τῆς
519 915 662 996 δρομαίας
680 913 816 996 ἐρασθεὶς
832 910 1010 998 Ἀφροδίτης
1031 934 1104 977 συν-

86 1015 230 1096 εργούσης
252 1013 377 1093 ἔδραμεν
400 1011 446 1073 ἐπὶ
467 1007 519 1073 τόν
542 1011 651 1094 ἀγῶνα.
684 1011 703 1092 ἢ
727 1014 783 1095 μὰρ
807 1013 866 1075 ἔδει
888 1010 940 1076 τὸν
964 1012 1105 1095 ἀγωνιζό-

88 1135 179 1191 μενον
206 1116 248 1195 τῷ
268 1111 368 1196 δρόμῳ
391 1107 556 1190 ἡττηθέντα
579 1110 724 1190 θνήσκειν
750 1109 769 1191 ἢ
793 1111 980 1192 παρελθόντα
1004 1111 1104 1196 δρόμῳ

47 1238 73 1276 ιο
88 1210 251 1289 λαμβάνειν
274 1208 329 1286 την
349 1209 450 1288 κόρην.
486 1207 560 1288 ἔχων
584 1200 640 1269 οὖν
658 1208 737 1291 παρὰ
756 1219 808 1288 τῆς
826 1213 902 1283 θεᾶς
919 1206 1106 1292 <παραγενο-

88 1303 201 1386 μὲνης>
215 1313 255 1390 τῷ
270 1305 369 1391 δρόμῳ
384 1311 462 1385 μῆλα
475 1316 568 1387 χρυσᾶ
581 1303 655 1386 (ts)
669 1318 722 1368 τοῦ
736 1317 795 1369 τῶν
809 1301 992 1389 Ἑσπερίδων
1006 1307 1106 1386 κήπου

89 1404 223 1485 ἔρριπτεν
243 1401 363 1464 ἕκαστον
381 1403 487 1464 αὐτῶν.
520 1405 613 1476 οὕτως
627 1401 702 1485 (di)
716 1403 934 1486 ἀσχολουμένης
947 1415 1000 1485 τῆς
1014 1405 1106 1486 κόρης

89 1501 155 1583 περλ
183 1501 237 1580 τὴν
264 1510 323 1561 τῶν
348 1501 449 1579 μήλων
472 1502 631 1582 συλλογήν,
660 1501 794 1582 ἐλείφθη.
833 1501 933 1583 λαβὼν
957 1498 985 1562 δ’
1011 1501 1106 1581 αὐτὴν

89 1605 217 1680 γυναῖκα
232 1599 448 1679 μετεμορφώθη
463 1600 505 1672 εἰς
519 1598 622 1660 λέοντα
635 1599 668 1660 ἐν
683 1601 749 1684 ἱερῷ
760 1601 839 1686 τόπῳ
855 1599 1009 1662 συνελθὼν
1019 1599 1094 1684 αὐτῇ

161 1756 176 1797 ο
194 1745 572 1815 Prob.Verg.Buc.V161:
596 1746 760 1800 Atalantam
784 1744 920 1800 Schoenei
942 1746 1031 1800 filiam
1049 1745 1107 1799 vir·

91 1816 187 1887 ginem
204 1816 407 1870 velocissimam
426 1816 508 1869 multi
527 1816 669 1886 petebant.
702 1817 907 1886 praescriptum
926 1821 967 1871 est
985 1818 1106 1886 epatre,

90 1890 123 1941 ut
146 1887 170 1941 is
193 1888 323 1955 haberet,
347 1888 396 1956 qui
418 1905 500 1941 cursu
519 1892 690 1956 superasset,
718 1891 746 1942 et
764 1888 854 1942 victus
872 1889 1009 1942 interiret.
1041 1891 1107 1942 tunc

91 1959 241 2030 indignata
264 1959 358 2013 Venus
385 1975 445 2012 esse
469 1959 607 2027 aliquam,
635 1975 708 2029 quae
731 1960 844 2013 foedera
865 1959 955 2028 ipsius
978 1959 1107 2026 nesciret,

91 2033 205 2085 hortata
224 2033 267 2084 est
281 2029 495 2098 Hippomenem
514 2032 545 2082 ut
561 2045 623 2083 eam
637 2032 747 2099 peteret
760 2047 883 2094 uxorem,
902 2029 1037 2096 deditque
1051 2029 1109 2083 tria

92 2101 170 2155 mala
195 2118 279 2154 aurea
297 2100 372 2152 lecta
390 2101 425 2152 de
445 2100 556 2165 arbore,
581 2117 664 2167 quam
682 2100 850 2169 Hesperides
869 2102 946 2153 trans
966 2099 1108 2154 Oceanum

93 2173 248 2226 servabant.
278 2188 340 2224 cum
363 2171 407 2223 his
429 2169 511 2224 malis
531 2188 642 2224 cursum
660 2170 850 2240 Hippomenes
868 2170 992 2224 intendit
1011 2174 1039 2224 et
1057 2172 1108 2239 ita,

93 2247 125 2296 ut
149 2246 209 2296 erat
228 2259 245 2295 a
263 2241 371 2295 Venere
395 2242 630 2308 demonstratum,
655 2243 685 2295 in
708 2241 782 2296 latus
801 2260 887 2295 unum
907 2241 1025 2307 abiecit,
1048 2242 1109 2298 lou·

94 2313 156 2383 gius
180 2315 249 2366 item
272 2312 350 2365 aliud
369 2313 398 2365 et
416 2328 503 2379 prope
521 2312 605 2366 finem
623 2312 746 2367 tertium.
778 2313 848 2366 haec
868 2312 934 2366 dum
954 2312 1032 2383 virgo
1052 2313 1109 2368 col-

94 2385 182 2453 ligere
211 2383 352 2436 desiderat
377 2383 519 2451 universa¹
545 2384 620 2437 victa
642 2384 749 2438 tradita
772 2386 814 2439 est
835 2401 906 2438 uxor
929 2383 1107 2453 Hippomeni.

95 2455 144 2508 sed
168 2471 231 2507 cum
253 2453 448 2523 impatientius
472 2453 664 2524 virginitatem
687 2455 747 2509 eius
765 2455 954 2525 Hippomenes
975 2455 1110 2512 voluisset

166 2591 180 2632 κ
205 2579 232 2634 ολ
258 2578 403 2649 ὀφθαλμοί
428 2600 482 2648 μου
506 2584 572 2648 post
597 2583 729 2636 δοκοῦσιν
755 2584 798 2635 est
823 2581 853 2634 in
879 2581 974 2649 codd,
1000 2583 1107 2650 transp.

94 2651 225 2705 Duebner
243 2671 297 2720 μου
316 2651 400 2704 simul
418 2651 511 2706 deleto
601 2663 616 2704 4
634 2653 801 2722 interpretes
820 2652 864 2706 illi
882 2650 956 2727 ᾄσσω
971 2679 1005 2698 --
1021 2651 1107 2707 ἀίσσω

95 2723 125 2776 in
143 2723 235 2776 animo
254 2722 386 2777 habuisse
404 2722 536 2776 videntur
607 2734 622 2776 σ
640 2722 837 2796 <Μεχ>αρίως
856 2724 955 2792 scripsi
973 2723 1109 2777 suadente

96 2794 242 2848 Duebnero
267 2794 410 2864 vulgatam
433 2793 548 2848 fabulae
570 2794 691 2848 formam
714 2797 838 2849 secutus:
859 2793 952 2862 Ἄρεος
974 2794 1056 2848 codd.

97 2876 109 2917 r
128 2862 272 2934 Ἀφροδίτη
291 2874 465 2935 συνεργοῦσα
483 2873 506 2918 K
531 2875 533 2879 '
602 2878 617 2918 ‘l
639 2865 797 2936 ἡττηθέντα
814 2866 952 2936 θνήσκειν
969 2873 1005 2919 K:
1029 2865 1110 2935 ἡττη-

95 2936 185 2992 θέντα
198 2938 309 3006 καὶτῆς
323 2941 393 3006 ζωῆς
408 2941 576 3007 στερηθῆναι
592 2940 626 2990 ll:
640 2937 799 3008 ἡττηθῆναι
813 2939 878 2992 cett.
929 2933 1111 3004 παρελθόντα

98 3015 133 3060 K:
158 3028 236 3074 τιαρα
260 3006 314 3077 (vel
333 3010 406 3076 περι)
430 3005 581 3077 γευόμενον
604 3010 670 3063 cett.
777 3019 806 3061 10
825 3007 951 3077 supplevi
970 3025 984 3061 e
1004 3006 1110 3062 scholio

99 3079 211 3147 gemino
226 3079 245 3131 d
258 3079 350 3132 verbis
368 3083 406 3148 τῷ
426 3078 528 3149 δρόμῳ,
548 3095 620 3148 quae
638 3081 702 3148 post
719 3079 811 3148 κήπου
830 3080 860 3132 in
879 3080 960 3133 codd.
980 3081 1053 3147 sunt,
1073 3079 1111 3132 si-

97 3150 156 3203 mul
173 3151 229 3203 huc
247 3149 392 3203 translatis
482 3161 508 3202 11
527 3152 737 3220 μῆλα-αὐτῶν
751 3158 786 3204 K:
803 3158 898 3221 χρυσᾶ
922 3153 996 3220 μῆλα
1018 3151 1111 3222 λαβὼν

96 3230 147 3275 τοῦ
165 3230 222 3276 τῶν
237 3218 315 3275 Ἐστι,
335 3221 429 3290 κήπου
445 3225 484 3293 τῷ
500 3221 594 3290 δρόμω
614 3221 722 3291 ἔφθασε
741 3221 847 3293 τρέχειν
861 3226 894 3275 ll:
914 3225 987 3291 μῆλα
1001 3221 1110 3290 ἔφθασε

97 3291 203 3363 τρέχειν
228 3295 293 3347 cett.
364 3291 436 3365 <ἐκ>
455 3276 584 3360 supplevi
602 3310 618 3347 e
637 3293 724 3348 sch.c
831 3304 859 3346 la
878 3291 966 3356 οὕτως
984 3309 1038 3347 om.
1053 3299 1076 3344 Κ

101 3363 174 3435 (δὲ)
194 3364 285 3433 suppl.
302 3363 369 3418 call.
463 3373 490 3415 18
509 3364 572 3430 περί
589 3363 821 3434 τὴν-συλλογήν
838 3371 875 3418 K:
898 3364 946 3419 ἐπὶ
962 3363 1112 3432 τὴν-συλ-

99 3434 317 3557 λόοχιχυΔῗλλΕΔε
341 3436 388 3490 ἐπὶ
410 3442 443 3505 τῇ
456 3465 483 3474 -
499 3438 613 3506 συλλογῇ
633 3442 652 3487 Τ
723 3433 842 3505 ἐλείφθη
866 3437 895 3490 et
917 3443 1039 3504 pavetne
1058 3451 1111 3488 om.
