2446 3870
461 123 626 178 Aneodoton
644 121 761 178 metense
1076 122 1114 186 11

104 291 209 355 κολικδι
228 291 357 354 είδόλλια
373 290 515 374 πρότερον
531 289 623 353 αὐτὸν
636 289 688 352 τὸν
704 284 915 374 Ἀρτεμίδωρον
930 290 1055 363 σννάξαι
1068 288 1117 350 καί

105 392 184 453 οὕτω
209 390 369 452 συνθεῖναί
388 411 418 450 τε
440 387 491 450 καί
513 389 681 462 κατατάξαι·
707 385 724 449 3
743 376 785 468 δὴ
809 387 859 448 καί
879 381 1067 470 Ἀρίσταρχον
1085 386 1117 448 έν

106 495 168 562 τοῖς
181 484 312 571 Ὁμήρου
329 485 523 566 πεποιηκέναι
541 485 657 568 λέγεται.

171 603 341 688 προτίθεικε
365 601 396 664 δέ
416 601 432 665 ὸ
450 602 596 677 συντάξας
614 602 689 664 αὐτὰ
706 602 739 664 τὸ
758 602 855 685 παρὸν
873 602 1019 664 είδάλλων
1036 611 1117 684 πρῶ-
1132 612 1156 654 Ιι

78 726 156 768 στου
179 702 228 765 διὰ
248 702 280 765 τὸ
298 701 480 784 χαριέστερόν
504 724 534 762 τε
553 699 628 781 ὸμοῦ
646 701 697 762 καί
714 701 918 782 τεχνικώτερον
936 694 1026 779 εἶναι,
1049 699 1116 762 ἑπό-

105 824 192 880 μενος
214 806 255 886 τῷ
280 800 422 886 Πινδάρῳ
442 800 556 863 εἰπόντι
575 792 635 882 (01.
650 800 694 859 VI
709 793 752 882 3).
786 797 961 882 ’ἀρχομένου
980 794 1008 859 δ’
1029 797 1116 879 ἔργου

103 899 263 982 πρόσωπον
285 899 340 982 χρὴ
361 897 487 978 θέμεναι
504 893 666 979 τηλαυγές.’
698 899 794 960 καίτοι
810 920 857 980 γε,
881 896 953 958 ὅσον
970 895 1044 958 κατὰ
1062 895 1117 975 τὴν

103 996 265 1078 ὑπόθεσιν,
289 997 326 1059 οό
350 1007 482 1079 πρῶτον,
505 995 578 1058 ἀλλὰ
598 997 666 1076 περί
681 1019 742 1058 που
760 996 796 1057 τδι
814 994 888 1076 μέσα
905 1001 1030 1074 τεθῆναι
1049 994 1115 1056 ἔδει.

104 1097 226 1175 Δάφνιν
244 1095 310 1177 γάρ,
329 1092 362 1169 ὸς
379 1095 513 1158 ἐνταῦθα
527 1093 679 1174 τεθνηκὼς
693 1095 908 1177 παρεισάγεται,
927 1093 959 1154 έν
973 1099 1035 1167 τοῖς
1048 1092 1116 1172 ἕξῖγς

64 1217 91 1258 ιο
104 1193 259 1266 είδυλλίοις
278 1195 371 1266 ζῶντα
389 1193 563 1274 παρεισάγει.

174 1331 203 1388 6.
233 1326 277 1386 ότι
307 1326 404 1404 πάσης
432 1326 577 1406 ποιήσεως
603 1333 679 1410 τρεῖς
705 1326 828 1407 ἐχούσης
855 1337 1144 1409 χαρακτῆρας,υ

107 1423 330 1505 διηγηματικόν,
351 1424 529 1505 δραματικὸν
546 1424 596 1486 καί
614 1425 731 1505 μικτόν,
754 1424 787 1486 τὸ
806 1424 984 1505 βουκολικὸν
1002 1426 1116 1504 ποίημα

106 1522 199 1603 μίγμά
216 1520 275 1582 ἐστι
293 1522 402 1596 παντὸς
419 1523 529 1603 εἴδους,
550 1523 645 1604 ὥσπερ
664 1520 900 1604 συγκεκραμένον
919 1517 966 1607 [τῇ
985 1523 1116 1607 ποικιλία

105 1619 224 1698 delevi}
256 1621 302 1684 διὸ
327 1620 378 1682 καί
401 1620 585 1704 χαριέστερόν
610 1620 669 1681 ἔστι
693 1630 728 1704 τῇ
753 1622 884 1704 ποικιλίᾳ
907 1630 960 1700 τῆς
978 1621 1115 1702 κράσεως.

66 1717 176 1782 ιεποτὸ
196 1716 327 1801 μὲνγὰρ
350 1719 564 1800 διηγηματικόν
587 1717 660 1799 έστι,
683 1716 753 1780 ποτὲ
776 1716 808 1780 δέ
829 1718 1023 1800 δραματικὸν,
1046 1716 1116 1781 ποτὲ

105 1815 136 1878 δὲ
159 1818 272 1897 μικτόν.
304 1817 364 1879 ἔστι
386 1815 422 1878 δέ·
442 1817 623 1898 δραματικὸν
646 1814 699 1895 μέν
721 1816 754 1878 τὸ
776 1817 897 1900 μηδαμῇ
916 1839 948 1898 γε
967 1815 1115 1895 ἐμφαῖνον

103 1915 135 1977 τὸ
160 1916 321 1999 πρόσωπον
345 1925 399 1977 τοῦ
423 1924 561 1995 ποιητοῦ,
588 1913 801 1996 διηγηματικὸν
826 1910 859 1974 δὲ
883 1913 916 1974 τὸ
941 1913 1042 1975 διόλου
1068 1913 1115 1994 ἐμ-

104 2019 230 2093 φαῖνον,
253 2013 356 2092 μικτὸν
380 2011 412 2074 δέ
435 2014 468 2076 τὸ
485 2022 528 2097 πῇ
549 2010 602 2091 μέν
620 2010 782 2090 ἐμφαῖνον,
805 2018 849 2094 πῇ
867 2007 899 2070 δὲ
918 2006 963 2070 οίί.
995 2009 1027 2071 έν
1045 2022 1117 2073 πᾶσι

105 2109 137 2172 δὲ
162 2111 233 2172 ὅσον
258 2105 323 2171 οίόν
348 2132 378 2170 τε
403 2108 439 2168 τὰ
464 2119 523 2169 τῶν
549 2107 695 2188 ἀγροίκων
713 2104 778 2185 ἤθη
796 2105 967 2186 έκμάσσεται
987 2119 1116 2188 τερπνῶς

65 2229 92 2267 το
106 2209 185 2268 πάνυ
208 2207 278 2278 τοὺς
300 2216 335 2288 τῇ
359 2205 495 2288 ἀγροικίᾳ
517 2203 717 2286 σκυθρωποὺς
734 2204 841 2286 λόγους
858 2208 1115 2289 χαρακτηρίζουσα.

107 2303 182 2364 ὅθεν
204 2301 364 2384 ἐκπέφευγε
386 2301 419 2363 τὸ
437 2300 514 2384 ἀγαν
531 2300 625 2384 ἁδρὸν
642 2301 692 2364 καί
708 2301 873 2387 ὑπέρογκον
890 2315 942 2386 τῆς
960 2307 1114 2385 ποιήσεως.

172 2427 262 2500 τριῶν
284 2417 339 2500 γὰρ
363 2416 458 2480 όντων
480 2427 539 2480 τῶν
561 2419 751 2502 χαρακτήρων
770 2422 946 2505 τοῦλόγου,
970 2421 1046 2502 δίδη
1065 2422 1115 2483 καί
1135 2459 1166 2468 -

103 2517 258 2596 πλάσματα
275 2522 431 2600 καλοῦσιν,
449 2516 553 2600 ἀδροῖι,
572 2517 663 2598 μέσου
681 2518 729 2580 καί
749 2521 861 2601 ἰσχνοῦ,
879 2521 929 2583 καί
948 2520 1042 2602 άδροῦ
1062 2518 1115 2601 μὲν

104 2613 203 2695 όντος,
226 2612 242 2694 3
265 2615 314 2678 καί
334 2626 369 2701 τῇ
387 2626 447 2678 τῶν
464 2618 560 2700 λόγων
578 2615 628 2677 καί
646 2626 679 2700 τῇ
698 2627 758 2680 τῶν
775 2620 933 2698 νοημάτων
950 2629 1114 2703 κατασκευῇ

63 2743 89 2783 25
104 2713 229 2795 μεγάλας
245 2713 386 2794 ἐμφάσεις
404 2715 469 2796 ἔχει,
488 2717 589 2797 ίσχνοῦ
609 2713 651 2793 δέ,
669 2712 685 2775 3
704 2716 755 2777 καί
772 2725 807 2800 τῇ
826 2718 883 2800 όλη
901 2725 961 2776 τῶν
979 2717 1114 2796 πραγμά-

103 2835 162 2874 των
179 2811 229 2874 καί
246 2823 281 2898 τῇ
299 2812 373 2888 λέξει
390 2815 524 2896 τυγχάνει
541 2814 578 2876 ὸν
596 2813 749 2892 ταπεινόν,
773 2813 862 2892 μέσου
882 2812 925 2892 δέ,
946 2810 961 2875 3
980 2813 1029 2874 καί
1048 2813 1114 2875 έκα-

103 2909 187 2990 τέρου
206 2910 327 2992 μετέχει,
350 2922 403 2975 τοῦ
426 2911 480 2992 μὲν
498 2913 680 2993 ἰσχνότερον,
703 2919 756 2972 τοῦ
775 2910 806 2973 δὲ
825 2910 985 2992 ἁδρότερον
1007 2945 1045 2954 -
1063 2910 1115 2996 καὶ

103 3018 155 3070 τοῦ
170 3006 223 3088 μέν
237 3007 331 3092 άδροῖ
344 3012 529 3093 παράδειγμα
546 3010 747 3088 Θονκυδίδης,
761 3018 814 3070 τοῦ
829 3007 860 3070 δέ
875 3009 977 3088 ἰσχνοῦ
987 3010 1114 3086 Λυσίας,

102 3105 205 3170 τοῦδέ
224 3107 314 3187 μέσον
333 3107 533 3188 Δημοσθένης
551 3143 606 3188 -,
626 3109 658 3170 τὸ
678 3106 855 3187 βουκολικὸν
873 3107 987 3185 ποίημα
1005 3105 1040 3167 τὰ
1059 3106 1114 3168 δύο

62 3236 89 3276 ιο
103 3206 235 3289 ἐκφυγὸν
248 3207 280 3270 τὸ
296 3206 396 3288 ἰσχνὸν
410 3205 574 3280 ἀσπάζεται.
602 3204 731 3278 έννοίαις
745 3227 774 3266 τε
787 3207 842 3284 γὰρ
857 3201 972 3284 ἀνάγκη
986 3210 1114 3284 χρῆσθαι

102 3306 321 3387 προσηκούσαις
334 3304 495 3386 ἀγροίκοις,
513 3305 621 3375 ταύτας
641 3300 672 3363 δέ
687 3302 885 3374 εὐτελεστάτας
899 3295 975 3362 εῖναι
989 3299 1113 3382 ἀνάγκη.

101 3402 191 3479 λέξεις
213 3426 242 3464 τε
265 3409 329 3475 ταῖς
351 3401 481 3474 ἐννοίαις
504 3401 560 3462 οὐκ
582 3399 756 3483 ἀπριδοάσας
779 3397 892 3478 ἀνάγκη
912 3392 999 3460 εἶναι·
1022 3397 1115 3475 άλλως

100 3501 156 3584 γὰρ
182 3501 365 3580 ἀσύμφωνος
389 3498 478 3570 αὐτὸς
504 3495 598 3582 ἑαυτῷ
621 3495 699 3556 έσται
726 3493 742 3556 ό
767 3493 859 3574 λόγος,
900 3493 1057 3573 συμπλέκει
1083 3497 1115 3560 δὲ
