2438 3870
135 130 201 194 220
430 129 543 184 Scholia
561 131 598 184 lx
613 130 691 201 ειμι
701 128 856 201 ι-ιομοο

28 306 129 353 ww
205 301 390 359 25-272.
423 298 602 377 στρόμβον
634 296 743 358 καλὸν
775 295 967 378 όστρακοντ
1005 295 1154 380 στρόμβος

136 396 264 477 κογχύλη
283 393 342 455 άπὸ
360 405 413 456 τοῦ
433 395 665 476 συνεστράφθαι.
698 395 804 456 τούτον
824 393 870 474 δέ,
896 393 987 475 φησί,
1009 395 1042 457 τό
1064 392 1154 478 κρέας

135 493 224 566 αύτὸς
242 492 398 572 ἔπασάμην
417 493 489 571 μετὰ
508 485 535 553 ε’
554 492 755 574 μερισάμενος,
774 492 821 554 ότε
838 491 945 572 ἔλαβον
963 490 1065 553 αύτόν.

109 629 124 671 κ
200 610 228 669 b.
252 608 288 670 έν
304 604 527 690 Ἰκαρίαισινε
548 604 670 688 Ἰκάριαι
692 607 794 689 πέτραι
812 617 870 669 νῦν
888 608 944 670 ούκ
962 606 1001 668 άν
1019 606 1152 690 λέγοιντο

134 707 170 767 αί
183 705 250 788 περὶ
261 704 380 787 Ἴκαρον
398 705 453 785 τὴν
474 716 578 786 νῆσον,
596 703 787 784 ὀνομάζοιντο
810 699 838 767 δ’
858 704 897 766 άν
915 729 993 779 τινες
1011 705 1084 780 ἴσως
1102 704 1153 768 καλ
1178 726 1191 767 ε

136 803 202 886 περὶ
220 806 373 865 Σικελίαν·
394 803 409 865 ὁ
428 803 483 886 γάρ
502 802 594 885 λέγων
613 803 751 885 ἀγροῖκος
769 803 900 878 Σικελός.

110 933 124 974 Ρ
202 932 225 971 ο.
249 909 395 991 πέτραις
417 910 470 973 ένὶ
494 911 679 992 Καρίαισιι
706 916 769 983 ταῖς
790 911 865 991 πρὸς
885 921 921 996 τῇ
939 911 1040 994 Καρίρι
1059 911 1152 995 νήσφ.

36 1027 134 1083 t⁸u⁸t⁸
204 1013 258 1098 [ά]
283 1015 410 1097 (πέντε
442 1017 559 1096 ταμὼν
591 1011 684 1077 πέντ’
715 1009 858 1097 obeam>
889 1015 954 1096 ἤτοι
981 1017 1038 1078 σύν
1065 1015 1153 1079 πέντε

135 1113 234 1188 άλλοις
252 1125 375 1194 νομεῦσι
394 1125 499 1176 τοῦτον
517 1116 760 1195 καταβροχθίσας.

29 1230 130 1285 ιὸνωεῑ
202 1217 254 1302 [0.]
275 1217 599 1303 <έγκαναχήσατοτ>
617 1220 732 1302 ἐγέλασε
747 1223 847 1304 χαρίεν
860 1221 908 1283 έπλ
921 1228 962 1307 τῷ
976 1231 1029 1283 τοῦ
1043 1222 1152 1304 κόχλον
1166 1241 1190 1282 ιο

135 1316 276 1404 ὀστράκῳ.

109 1444 124 1488 u
204 1422 251 1508 [f]
274 1426 530 1506 έκαναχήσατοε
554 1428 652 1507 χαρίεν
670 1426 776 1508 ἔλεγεν,
794 1425 935 1508 ἐγέλασεν.

29 1570 128 1614 xum
204 1554 389 1612 28-30a.
418 1550 630 1629 βονκολικαλ
653 1553 807 1612 Μοῖσαιι
838 1561 930 1613 ταῦτα
958 1549 1151 1632 όνομεύςύ)

138 1649 293 1730 Θεόκριτος
317 1645 398 1729 λέγει.
438 1641 460 1708 ὦ
486 1653 627 1728 Μοῦσαι,
653 1649 686 1710 τὸ
715 1646 802 1729 μέρος
824 1659 876 1729 τῆς
900 1643 979 1734 ᾠδῆς
1001 1658 1055 1730 τῆς
1077 1643 1148 1733 παρ’

136 1743 209 1827 ἡμῖν
228 1745 385 1824 έκφήνατε,
405 1746 510 1825 μήπως
528 1769 586 1825 μον
600 1745 648 1808 ἐπί
665 1751 795 1827 γλῶτταν
809 1748 988 1824 φλύκταιναι
1006 1748 1151 1826 φύωνται.
1165 1764 1187 1806 ιτ

137 1843 230 1906 έκεῖνο
249 1843 305 1925 γάρ
324 1845 435 1924 γίνεται
453 1849 515 1916 τοῖς
534 1842 627 1923 μηδὲν
645 1854 765 1925 πρᾶγμα
783 1845 911 1926 εὐλόγως
928 1845 1092 1928 κρίνουσιν.

110 1969 125 2012 ν
202 1953 230 2011 b.
254 1949 469 2031 βονκολικαλ
488 1955 632 2012 Μῶσαιε
657 1948 672 2011 ὁ
691 1950 777 2031 λόγος
795 1951 828 2012 ἐκ
845 1961 899 2013 τοῦ
916 1950 1038 2032 νομέως.

109 2066 136 2120 Ι.Β
204 2047 227 2118 ο.
252 2056 415 2140 ἐπιστροφὴ
433 2057 464 2119 τὸ
484 2068 589 2138 σχῆμα.
621 2057 695 2138 πρὸς
712 2058 765 2131 τάς
783 2059 922 2132 Μούσας.

67 2182 126 2228 w
202 2167 228 2226 d.
254 2161 371 2244 μηκέτ’
401 2164 457 2226 ἐπὶ
489 2167 647 2246 γλώσσας
679 2162 801 2247 άκραςτ
838 2164 854 2228 ὁ
881 2164 968 2247 λόγος
994 2165 1069 2247 πρὸς
1095 2165 1152 2246 τὴν

136 2267 276 2323 Μοῦσαν,
315 2263 397 2335 ἰδίως
420 2260 452 2323 δὲ
475 2263 526 2325 τόν
552 2263 640 2344 λόγον
663 2263 863 2342 ποιησάμενος
887 2262 962 2344 πρὸς
986 2262 1083 2338 πάσας
1107 2264 1189 2337 είςτν

138 2362 208 2439 μίαν
226 2358 401 2420 κατέκλινεν.
429 2358 580 2441 ἢὸλόγος
598 2359 673 2442 πρὸς
691 2359 742 2421 τὸν
756 2361 889 2440 Δάφνιν,
908 2359 924 2422 ὃ
943 2359 993 2422 καλ
1010 2368 1150 2443 κρεῖττον.

42 2476 138 2531 ιῑοὲεὲ
206 2487 229 2526 ο.
253 2461 396 2545 (μηκέτ’
428 2465 484 2527 ἐπὶ
511 2468 670 2548 γλώσσας
698 2465 851 2548 άκραςτ)
882 2467 956 2546 πρὸς
982 2467 1036 2530 τόν
1062 2471 1151 2530 Μεν-

135 2565 236 2624 άλκαν.

135 2679 276 2686 --—.—-
282 2679 371 2684 .-.-..--
625 2680 752 2685 ——

207 2729 221 2770 2
240 2718 359 2788 κογχύλη
374 2725 409 2772 K:
430 2719 577 2789 κογχύλιον
596 2721 662 2773 cett.
716 2719 817 2773 τούτου
831 2725 862 2772 ’λι
881 2728 963 2774 τούτο
977 2724 1066 2774 UH:
1084 2740 1152 2776 τοντ
1183 2750 1187 2757 -

136 2806 200 2843 cum
220 2791 337 2843 accentu
355 2791 476 2857 utroque
494 2797 518 2842 K
535 2805 617 2845 teser.
727 2800 742 2842 τ
760 2789 922 2859 ἐσπεισάμην
940 2795 1042 2844 um
1105 2791 1152 2848 ότι

136 2877 212 2929 seqq.
229 2879 281 2915 om.
297 2865 397 2913 um
469 2870 484 2913 τ
497 2857 610 2929 Ἴκαρον
623 2861 732 2914 Ahrens
746 2864 799 2931 (ap.
815 2861 923 2931 Ziegl.):
937 2861 1040 2930 Πάρον
1052 2863 1114 2917 σού.

137 2932 321 3001 ὀνομάζονται
340 2932 414 2999 σού,
433 2948 500 2986 corr.
516 2931 704 2986 Wilamowitz
766 2931 797 2986 αλ
814 2935 878 3000 περὶ
897 2935 960 2988 Σικ.
978 2936 1045 3002 post
1062 2940 1152 3003 νῆσον

136 3004 166 3057 in
184 3010 217 3070 Κ,
236 3021 305 3057 corr.
324 3006 353 3057 et
369 3006 474 3071 transp.
489 3003 678 3057 Wilamowitz
749 3014 778 3056 1⁰
796 3003 945 3074 ἐκελάδησε
958 3004 1061 3060 Jambs
1074 3006 1151 3076 spx.

136 3076 236 3129 ακικολ
254 3077 286 3128 in
305 3082 362 3129 aut.
377 3081 425 3130 vet.
442 3079 526 3143 1786,
541 3079 584 3129 41.
617 3073 714 3130 Geelio
738 3075 891 3130 scholiasta
912 3075 1016 3146 legisse
1038 3075 1152 3132 videtur

136 3145 326 3215 έγκαγχάσατο
344 3145 389 3199 vel
408 3142 439 3199 εὖ
458 3145 615 3216 καγχάσατο
694 3156 722 3198 18
742 3145 757 3200 ὁ
776 3143 857 3216 λόγος
874 3148 905 3202 ἐκ
923 3155 973 3202 τοῦ
993 3164 1079 3204 σνννο
1137 3169 1152 3213 ς

135 3215 202 3285 ἢέν
220 3225 271 3270 τοῦ
293 3214 446 3285 Θεοκρίτου
464 3222 564 3270 um·
666 3227 695 3270 1⁴
713 3216 793 3285 μέλος
811 3223 859 3270 ΚΤ
962 3227 990 3272 15
1008 3220 1041 3274 ἐν
1101 3239 1152 3275 ατε

135 3288 263 3342 Amstel.:
279 3285 420 3357 έκφάνατο
435 3289 515 3342 codd.
561 3288 720 3357 φλύκταινα
733 3290 841 3358 φύηται
853 3293 954 3342 um
1016 3300 1046 3343 1⁸
1058 3291 1152 3347 έκεῖνο

136 3359 256 3428 Ziegler:
277 3360 336 3414 ἐκεῖ
352 3367 387 3414 K:
409 3361 439 3414 ἐν
458 3358 576 3422 ἐκείνοις
593 3362 715 3430 UMT)
769 3360 821 3430 γὰρ
841 3377 894 3415 om.
909 3367 932 3413 Κ
986 3359 1096 3431 γίνεται
1112 3368 1150 3416 1:

137 3429 222 3484 είωθε
241 3430 375 3554 γίνεσθορρ
386 3433 450 3485 cett.
507 3428 625 3500 εύλόγως
639 3430 720 3486 Geel:
739 3430 854 3501 εύλογον
869 3432 949 3486 oodd.
1004 3429 1152 3501 κρίνουσιν

135 3508 171 3555 K:
190 3510 304 3556 κινούσι
318 3517 349 3554 ce
377 3543 382 3552 .
