2446 3870
448 159 562 216 Soholia
580 162 605 216 X
621 160 728 216 18b-i
1029 162 1094 226 229

150 329 177 388 b.
201 326 264 388 τάν
283 328 407 388 νύκτας
433 329 534 406 μάντις
547 329 696 406 καλαμαία
710 327 775 389 ἀντὶ
789 339 842 390 τοῦ
857 327 1009 412 ἀρουραία.
1037 329 1097 390 ἔστι
1107 340 1163 386 δελ

81 425 138 507 γὰρ
158 423 241 505 ἀκρλς
258 423 399 507 λεγομένη
419 426 521 503 μάντις
540 425 572 488 ἐν
590 437 626 511 τῇ
644 427 760 511 καλάμη
779 425 929 508 γινομένη.
957 429 1028 501 ἴσως
1041 419 1097 489 ούν

86 522 242 601 Θεόκριτος
257 522 360 603 ι’σχνην
374 523 467 584 εἰπεῖν
476 523 574 585 θέλων
585 523 635 585 καλ
650 525 885 602 διεφθινηκυῖαν
893 525 979 587 τοῦτό
994 543 1096 604 φησιν.

151 640 174 681 ο.
198 621 323 699 μάντις
341 643 394 681 τοι
412 621 474 682 τάν
493 623 603 682 νύκτα
621 624 797 702 χροΐζεται
816 621 836 682 ἀ
853 624 1046 701 καλαμαίαι
1065 622 1164 683 τδθΠ

57 720 230 798 σκαλαμαία
250 717 316 779 ἀντὶ
334 729 387 780 τοῦ
401 718 554 798 ἀρουραία.
584 719 643 780 ἐστι
662 717 693 780 δὲ
712 717 796 798 ἀκρλς
815 720 847 780 ἐν
866 730 900 804 τῇ
920 721 1037 805 καλάμη
1054 744 1099 802 γι-

84 816 196 896 νομένη
218 816 268 877 καλ
291 821 420 878 καλεῖται
444 818 555 896 μάντις.
587 827 645 879 νῦν
668 810 723 880 ούν
746 818 801 896 τὴν
825 819 929 898 λσχνήν
953 836 1029 898 φησι
1049 817 1100 879 καλ

85 916 320 994 διεφθινηκυῐαν
338 913 358 994 ἢ
377 914 432 991 τὴν
450 913 606 994 ἐπιβλαβές
624 915 673 977 καί
691 915 817 996 χαλεπὸν
837 912 962 996 δρῶσαν.

153 1015 180 1072 d.
204 1010 223 1091 ἡ
243 1014 436 1092 καλαμαίαε
459 1010 477 1091 ἡ
498 1012 546 1074 ἐπὶ
563 1015 680 1096 καλάμη
700 1013 810 1074 ἑστῶσα
828 1012 878 1074 καὶ
897 1011 1047 1093 γινομένη.
1112 1026 1127 1068 κ

154 1134 177 1172 ο.
199 1106 383 1192 Ἀρίσταρχος
419 1111 451 1173 ἐν
488 1111 654 1189 ὑπομνήσει
688 1112 869 1192 Λυκούργου
893 1111 1044 1190 Αἰσχύλου
1068 1122 1204 1167 mmm

47 1232 74 1272 ιο
87 1205 209 1294 (Nauck
231 1212 317 1282 Τκας,
330 1230 374 1284 γε.
389 1205 473 1285 ίρικ.2
484 1204 541 1292 40)
561 1208 639 1287 φησὶ·
654 1209 708 1287 τὴν
727 1208 833 1290 ἀκρίδα
852 1209 973 1288 ταύτην,
996 1209 1027 1269 εἴ
1045 1231 1103 1268 τινι

86 1306 239 1387 ἐμβλέψειε
259 1304 330 1393 ζῴῳ,
349 1308 442 1393 τούτῳ
461 1309 553 1369 κακόν
572 1332 599 1368 τι
618 1309 761 1388 γίνεσθαι.
808 1311 828 1368 f.
853 1307 911 1367 ἐστι
926 1304 957 1367 δὲ
971 1306 1066 1387 χλωρὰ
1091 1316 1204 1362 unm

87 1407 137 1467 καὶ
160 1406 330 1485 περιμήκεις
352 1405 422 1477 τοὺς
444 1405 646 1487 ἐμπροσθίους
669 1405 764 1477 πόδας
787 1405 893 1486 ἔχουσα
911 1403 962 1466 καὶ
981 1403 1103 1476 λεπτοὺς

87 1504 138 1565 καλ
157 1513 284 1583 συνεχῶς
303 1503 412 1576 αύτούς
431 1513 567 1565 κινοῦσα·
592 1505 628 1565 ού
647 1503 702 1585 γὰρ
722 1502 762 1577 όις
781 1501 799 1582 ἡ
819 1502 1054 1581 κοσκινόμαντις.

156 1624 183 1680 g.
207 1601 269 1679 τὴν
288 1603 411 1662 υύκται
435 1600 454 1680 ἡ
474 1603 600 1681 μάντις
618 1600 637 1681 ἡ
657 1603 835 1682 καλαμαία
854 1601 927 1662 κατά
942 1601 997 1679 τὴν
1011 1601 1192 1661 νύκταυῑλτ

49 1720 75 1761 ιο
89 1702 283 1781 χροϊξεῖται
303 1700 351 1760 καὶ
370 1701 523 1778 πλησιάσει
541 1708 580 1784 τῷ
595 1703 697 1783 χρωτί,
724 1701 777 1763 τοὶ
796 1701 845 1763 καί
864 1710 932 1762 σού·
956 1699 1022 1761 ἀντὶ
1040 1708 1105 1759 τοῦ·

89 1793 109 1875 ἡ
133 1795 246 1858 ἐοικυῖα
269 1807 304 1881 τη
328 1800 475 1881 καλαμαία
503 1799 604 1875 μάντει
633 1801 909 1878 συνευνασθησεταί
935 1817 989 1859 σοι.
1029 1794 1105 1868 τινές

90 1914 183 1972 φασιν
201 1896 315 1956 εἰκάσαι
332 1894 386 1973 τὴν
401 1897 563 1974 Βομβύκην
582 1906 616 1980 τῇ
636 1896 736 1977 ἀκρίδι
755 1899 845 1979 ταύτη
865 1897 915 1963 δεδι
934 1896 965 1955 τὸ
984 1895 1033 1955 καί
1052 1894 1106 1972 τὴν

90 1991 197 2074 ἀκρίδα
216 1991 356 2071 μέλαιναν
375 1987 449 2052 εἶναι
469 1993 518 2052 καί
537 1994 631 2070 αὐτὴν
650 1994 704 2071 την
723 1995 816 2074 κόρην
835 1995 950 2072 Σύραν.

106 2121 107 2124 “
157 2093 184 2148 h.
210 2090 334 2167 μάντις
362 2091 540 2168 καλαμαία
567 2090 616 2150 δεδι
644 2091 675 2149 τὸ
706 2089 745 2167 μὴ
773 2089 881 2167 λευκὴν
910 2083 985 2149 εἶναι
1012 2086 1052 2158 ὡς
1078 2087 1110 2146 οἱ

50 2211 77 2251 ιο
92 2190 187 2265 Σύροι
205 2186 255 2246 καλ
274 2188 305 2247 οί
321 2187 488 2268 Αἰγύπτιοι.

159 2289 176 2344 i.
202 2284 328 2361 μάντις
351 2306 418 2344 τοις
446 2285 570 2346 σκώπτει
593 2285 648 2364 την
671 2283 822 2365 ἐρωμένην
845 2294 898 2345 τοῦ
921 2285 1034 2346 Βάττου
1058 2281 1108 2343 καλ

93 2381 158 2441 ἀντὶ
176 2390 229 2442 τοῦ
247 2381 340 2441 εἰπεῖν
359 2381 403 2442 ότι
422 2381 505 2462 ἀκρλς
525 2383 798 2464 συγκοιμηθησεταί
815 2402 872 2462 σοι,
891 2383 910 2462 ἥ
927 2381 1006 2443 ἐστιν
1023 2381 1106 2461 ι’σχνη

93 2479 142 2539 καί
161 2479 249 2558 λεπτὴ
269 2479 318 2540 καί
334 2479 465 2559 μέλαινα,
483 2479 559 2562 λέγει
574 2480 617 2541 ότι
633 2482 736 2559 μάντις
749 2483 904 2558 καλαμαία.
933 2479 988 2560 την
1002 2479 1109 2561 ἀκρίδα

94 2569 149 2637 οὖν
172 2595 248 2656 φησι
271 2579 452 2658 καλαμαίαν,
477 2574 524 2659 [ἢ]
546 2579 589 2639 ότι
612 2578 644 2639 ἐν
667 2585 759 2664 καιρῷ
784 2580 917 2658 καλάμης
941 2578 1035 2640 ἐσθίει
1058 2578 1109 2638 τὸν

165 2769 179 2811 8
199 2760 312 2829 δεομένη
328 2761 398 2828 cod.‚
415 2762 521 2815 correxi
594 2772 609 2813 σ
627 2759 823 2830 Ἀριστοφάνης
837 2768 860 2813 K
875 2759 959 2814 verba
973 2758 1109 2826 ἐυ-φησλ

94 2831 227 2884 omittens
300 2829 469 2902 Ἀρίσταρχος
492 2832 544 2903 γάρ
569 2835 600 2887 ἐν
619 2833 797 2901 ὑπομνήματι
815 2831 981 2898 Λυκούργου
1003 2829 1054 2897 τὴν
1078 2829 1110 2882 ἀ·

93 2900 178 2969 κρίδα
202 2904 269 2972 φησί
293 2904 398 2972 ταύτην
420 2911 490 2956 GPT
580 2914 609 2956 1⁰
628 2903 657 2958 εί
670 2925 723 2958 τινι
744 2902 871 2974 ἐμβλέπει
890 2901 1006 2970 (correxi
1026 2917 1041 2953 e
1060 2899 1110 2953 Ze·

94 2973 187 3041 nobio)
206 2978 279 3045 ζώῳ,
298 2984 379 3028 τοῦτο
399 2973 488 3029 κακὸν
507 2973 638 3044 γίνεσθαι
657 2982 693 3028 K:
716 2975 740 3028 εί
758 2972 912 3044 προβλέψει
931 2970 1108 3042 (προσβλέψει

95 3044 174 3111 Call.)
197 3066 223 3098 τι
246 3055 301 3099 τῶν
325 3049 414 3112 ζώων,
442 3047 529 3117 τούτῳ
554 3049 647 3115 (τοῦτο
672 3049 703 3112 Ε)
727 3047 816 3098 κακὸν
839 3043 946 3113 γίνεται
969 3048 1056 3096 UH:
1086 3043 1110 3098 εί

94 3115 242 3205 προβλέπει
266 3116 429 3186 (ἀποβλέπει
447 3123 481 3181 θ,
508 3117 673 3187 προβλέπεις
696 3123 724 3184 Τ)
751 3117 806 3169 τινὶ
834 3119 870 3183 (τι
889 3118 918 3183 Ρ)
944 3123 1000 3170 τῶν
1025 3117 1110 3182 ζώων,

96 3190 192 3258 ἐκεινῳ
212 3184 301 3241 κακόν
320 3208 346 3240 τι
365 3186 494 3256 γίνεσθαι
513 3191 578 3241 cett.
673 3198 701 3239 12
719 3186 873 3256 περιμήκης
891 3187 1111 3254 λλΕΔμακρούς

95 3261 160 3326 post
181 3258 273 3320 πόδας
296 3259 433 3312 addentes
506 3260 665 3327 ἔμπροσθεν
685 3265 755 3310 GH
864 3268 890 3310 ιε
909 3259 942 3311 ού
962 3257 1015 3326 γὰρ
1033 3271 1109 3324 seqq.

96 3346 149 3382 om.
166 3335 211 3381 GP
290 3341 317 3383 15
335 3330 482 3398 πλησιάσοι
501 3335 577 3382 um
631 3328 730 3399 χροῒΤ
767 3376 770 3384 ,
802 3340 831 3381 1ο
849 3330 948 3398 μάντει
966 3328 1108 3382 Duebner:

96 3422 152 3463 -τις
170 3401 249 3453 codd.
341 3412 368 3454 18
388 3402 475 3470 αύτὴν
494 3403 542 3455 καί
562 3401 656 3468 codd,
674 3401 848 3468 transposui3
873 3401 910 3463 ὡς
928 3402 993 3453 ante
1012 3398 1111 3465 Σύραν

97 3472 221 3539 suppleri
235 3472 296 3525 vult
309 3474 417 3526 Ahrens
490 3484 517 3525 τι
536 3470 706 3526 σκόπει-τῶ
722 3472 818 3526 Βάττω
834 3472 915 3526 οοδδ.
929 3469 1027 3536 nostri,
1042 3487 1111 3524 cort.

97 3542 180 3595 Tricl.
253 3554 282 3596 σε
306 3542 323 3612 ἢ
347 3548 492 3612 praeterm.
512 3544 596 3597 Phav.
616 3543 680 3597 Lex.
701 3561 721 3598 ε,
741 3542 880 3614 χροΐζεται
