2438 3870
133 113 199 179 260
433 110 546 165 Scholia
564 110 627 164 XIII
642 108 850 180 ΤΙῦο-Ιοβσδ

28 294 150 345 mm
203 302 227 343 ο.
250 289 465 362 φορεῦντοςτ
488 276 507 356 ἢ
529 287 583 338 τοῦ
605 277 721 356 ἔχοντος
743 276 796 350 κάς
817 277 916 358 τρίχας
939 286 993 356 τῆς
1015 281 1148 357 κεφαλῆς

135 377 344 459 πεπλεγμένος,
363 369 403 437 ἵν’
424 363 445 461 ᾗ
463 375 495 436 τὸ
514 384 680 455 φοροῦντος
697 373 763 435 ἀντὶ
780 384 833 434 τοῦ
847 373 990 454 φέροντος
1003 374 1054 436 καί
1066 373 1149 455 ἔχον-

137 493 199 550 τος·
223 475 243 554 ἢ
260 485 314 538 τοῦ
331 474 402 547 τούς
418 474 589 552 πλοκάμους
602 483 779 553 φοροῦντος,
796 471 892 554 ἤγουν
905 471 1087 552 ἐνδυομένου
1100 472 1151 534 καί

137 571 400 655 περιβαλλομένσυ·
430 572 501 644 ἴσως
522 571 578 651 γὰρ
597 569 635 630 ἀν
654 570 805 650 φαλακρὸς
821 562 876 650 ἦν,
899 571 1100 651 περιεβάλλετο
1120 569 1153 633 δὲ

139 673 291 750 ἀλλοτρίας
308 672 406 753 τρίχας
424 680 459 752 τῇ
477 674 602 753 κεφαλῇ.
1181 700 1193 739 5

207 772 234 830 δ.
249 765 347 841 Ὕλας
364 774 435 840 παῖς
451 767 563 847 ὑπῆρχε
584 767 802 844 Θειοδάμαντος
820 776 872 827 τοῦ
892 767 1039 846 Δρύοπος.

207 888 232 927 ε.
255 867 396 946 μαθώντ
420 859 612 945 δἮρακλῆς.
644 865 862 925 πεπαιδεῦσθαι
889 864 980 926 αύτύν
1008 883 1101 943 φασιν
1126 866 1159 925 οἷ

143 964 197 1046 μὲν
222 964 279 1026 ὑπὸ
294 957 535 1042 Ῥαδαμάνθυος,
560 963 593 1022 οί
613 960 645 1024 δὲ
666 961 726 1022 ύπὸ
749 962 903 1041 βουκόλων
921 955 1157 1044 Ἀμφιτρύωνος,

143 1063 197 1144 <οί
212 1061 244 1124 δὲ
261 1062 321 1124 ὑπὸ
340 1059 512 1142 Χείρωνος)
529 1058 579 1120 καὶ
600 1062 737 1122 Θεσπίου.

37 1173 182 1232 Rujum
213 1164 381 1222 10-132.
404 1158 510 1239 χωρὶς
533 1152 562 1219 δ’
583 1158 638 1219 ούι
661 1157 815 1236 οὐδέποτε,
838 1159 947 1236 φησίν,
975 1157 991 1219 ὁ
1010 1156 1159 1239 Ἡρακλῆς
1173 1190 1199 1229 1⁰

144 1259 237 1320 αὐτοῦ
255 1257 418 1338 ἐχωρίζετο,
438 1255 504 1318 ούιε
524 1257 671 1335 μεσούσης
688 1265 741 1336 τῆς
759 1253 879 1336 ἡμέρας,
902 1254 970 1318 ούτε
987 1263 1051 1330 ταῖς
1069 1256 1160 1318 ἑωθι-

144 1363 212 1430 ναῖς
230 1356 336 1436 ὥραις,
357 1353 424 1416 ούτε
442 1355 494 1415 τὸν
512 1355 631 1433 καιρόν,
654 1349 726 1415 καθ’
747 1352 783 1415 δν
801 1355 833 1415 οί
847 1353 964 1415 νεοσσοὶ
983 1355 1015 1416 σί
1029 1354 1062 1416 ἕν
1080 1354 1162 1432 οἰκή-

147 1456 218 1536 ματί
238 1477 296 1514 τινι
320 1451 400 1525 ὄντες
424 1451 620 1530 ἀποβλέποιεν
643 1452 685 1524 εἰς
707 1451 762 1530 τὴν
784 1453 902 1530 κοίτην,
924 1451 1163 1534 πτερυσσομένης

148 1562 201 1631 τῆς
219 1551 328 1633 μητρὸς
346 1549 397 1610 καί
415 1551 519 1612 λοιπὸν
538 1549 763 1630 ἀναχωρούσης,
785 1549 840 1627 τὴν
863 1552 1029 1611 τελευταίαν
1048 1549 1163 1630 ἐκδεχό-

151 1672 234 1730 μενοι
252 1648 377 1729 τροφήν.
1179 1677 1204 1717 τε

124 1763 140 1806 λ
216 1748 243 1807 b.
268 1744 464 1826 ὀρτάλιχοιε
487 1747 519 1806 οί
530 1747 655 1806 νεοσσοί.
674 1743 694 1825 ἢ
709 1751 866 1826 στρουθῶν
879 1744 960 1827 γένη.
978 1745 1165 1826 θρηνητικὸν

151 1843 182 1907 δὲ
201 1845 232 1906 ιδ
252 1847 326 1930 ζῷον
343 1843 439 1905 ἐλπίδι
456 1853 579 1922 τροφῆς.

46 1955 167 2006 δελεντ
221 1962 244 2002 ο.
269 1939 502 2023 δρτάλιχοιε
521 1941 636 2004 νεοσσοὶ
655 1943 763 2023 μικροί,
782 1940 904 2020 μηδέπω
921 1941 1084 2019 πετόμενοι.
1109 1964 1166 2019 μι-

155 2039 256 2120 νυροί
275 2038 306 2101 δὲ
326 2039 391 2100 ἀντί
409 2049 462 2100 τοῦ
481 2041 680 2121 μινυρίζοντες
695 2039 746 2100 καὶ
759 2044 847 2123 λεπτῇ
866 2049 955 2124 φωνῇ
974 2044 1167 2119 θρηνοῦντες.

47 2151 189 2200 Imm
225 2140 253 2198 d.
277 2138 502 2217 σεισαμέναςι
525 2135 771 2218 πτερνσσομένης,
797 2137 877 2209 ὅπως
903 2136 963 2199 ὑπὸ
986 2135 1038 2208 τὰς
1062 2135 1168 2213 πτέρυ-
1182 2165 1209 2206 20

155 2261 210 2317 γας
228 2236 297 2310 τούς
315 2236 456 2308 νεοσσούς
475 2237 559 2319 λάβη.

229 2418 243 2457 ε
262 2407 318 2460 sch.
330 2407 422 2475 Apoll.
432 2407 523 2460 Rhod.
534 2407 545 2458 Ι
557 2413 619 2460 131:
633 2404 733 2469 Ὕλας·
749 2402 831 2468 ούτος
843 2403 1013 2472 Ἡρακλέους
1026 2393 1171 2473 ἐρώμενος,

159 2477 220 2538 υίδς
243 2477 274 2532 δὲ
299 2477 510 2545 Θειοδάμαντος
532 2486 582 2532 τοῦ
606 2478 743 2546 Δρύοπος.
776 2478 825 2531 καὶ
843 2475 979 2539 Μνασέας
1001 2475 1052 2544 μὲν
1075 2473 1172 2538 οὕτως.

156 2547 319 2611 Ἑλλάνικος
332 2548 363 2602 δὲ
375 2546 512 2618 Θειομένη
527 2550 591 2603 ἀντὶ
603 2549 813 2617 Θειοδάμαντος
826 2547 963 2616 ὀνομάζει.
1008 2556 1038 2600 18
1052 2545 1173 2616 Hesych.

161 2620 240 2674 Phot.
265 2619 416 2690 ὀρτάλιχοι·
441 2620 469 2673 οί
492 2620 572 2688 μήπω
596 2620 720 2690 (μηδέπω
738 2619 830 2688 Phot.)
852 2618 999 2687 πετόμενοι
1017 2616 1137 2672 νεοσσοί.

233 2777 297 2835 ετδ
317 2801 380 2848 φορ.
401 2780 483 2834 Gall:
509 2783 557 2835 καί
576 2801 640 2850 φορ.
660 2787 746 2835 ΕΔΤε
766 2785 952 2849 διφοροῦντος
971 2785 1028 2833 GP:
1049 2782 1139 2832 οεοῦ

163 2863 177 2904 4
205 2852 398 2924 περιεβέβλητο
426 2859 445 2904 Τ
553 2863 568 2903 ο
597 2851 807 2921 Θειοδάμαντος
835 2852 946 2922 scripsi:
978 2848 1177 2919 Θεοδάμαντος

165 2923 320 2992 Crispinus:
347 2923 543 2992 Θεοδήμαντος
566 2924 645 2978 codd.
719 2924 850 2992 Δρύοπος
873 2922 952 2977 Geel:
982 2921 1120 2990 Δρύωπος
1142 2926 1176 2974 G:

165 2994 300 3060 Δρυόποο
318 2999 429 3048 um:
450 2994 588 3062 δρυτόμου
607 3001 627 3047 Τ
734 3005 749 3047 ⁹
768 2994 860 3064 suppl.
876 2995 984 3048 Ahrens
1054 2989 1177 3047 Θεσπίου

167 3065 266 3133 scripsi
279 3070 312 3119 ut
326 3083 421 3134 supra:
440 3065 594 3120 Θεστιάδου
609 3073 642 3120 G:
658 3066 739 3128 -άδος
752 3073 784 3119 P:
800 3065 901 3128 -άδους
915 3072 945 3118 T:
962 3063 1013 3118 -άδ
1021 3080 1065 3132 cp.
1076 3065 1141 3118 cett.

166 3147 192 3188 11
216 3137 282 3190 οὐδὲ
310 3138 444 3205 μεσούσης
466 3156 488 3191 τ.
512 3137 557 3206 ἡμ.
582 3137 647 3192 οὐδὲ
670 3157 692 3192 τ.
715 3138 735 3192 ἑ.
760 3136 845 3205 ὥραις
868 3145 903 3190 K:
932 3136 995 3191 ούτε
1018 3132 1094 3202 πρωῒ
1114 3133 1178 3190 ούτε

168 3208 302 3275 μεσούσης
320 3214 369 3274 τῆς
386 3205 491 3276 ἡμέρας
508 3211 574 3262 cell.
656 3220 684 3261 12
703 3209 765 3264 ούτε
784 3207 856 3262 κατά
874 3209 924 3263 τὸν
942 3206 1044 3274 καιρόν
1059 3205 1142 3260 Tn'ol.

169 3288 197 3330 18
210 3276 431 3347 πτερυσσομένης
444 3287 480 3332 K:
497 3281 749 3350 περιπτυσοομένης
764 3283 828 3334 cett.
901 3289 929 3332 18
943 3275 1056 3347 μηδέπω
1071 3275 1180 3331 Ahrsns
1202 3307 1204 3311 ·

170 3367 185 3402 ο
209 3350 268 3403 οοδ.
288 3349 376 3402 Paris.
391 3355 473 3403 2884:
497 3350 634 3419 μηδέποτε
658 3352 738 3405 οοδδ.
762 3352 849 3405 nostri
947 3360 978 3402 σο
1000 3364 1180 3418 περιπτύσσο-

171 3421 254 3490 μέυης
272 3426 291 3472 Τ
346 3420 474 3482 ἅπαντας
496 3438 546 3489 pro
570 3422 624 3476 ὑπὸ
643 3422 693 3485 τάς
711 3431 735 3476 x
752 3439 844 3489 resen,
862 3424 971 3476 rectum
988 3421 1096 3474 habent
1114 3433 1180 3488 ερο-

171 3492 279 3560 grapha
351 3502 380 3543 21
397 3492 479 3562 λάβοι
497 3497 541 3545 GP
