2446 3870
451 119 617 174 Aneedoton
635 119 753 174 Εελεοεε
881 101 884 107 ’
1088 121 1108 185 9

95 286 179 366 μόλις
203 284 233 348 τί
257 309 326 348 ποτε
351 287 393 360 εἰς
419 283 563 365 δμόνοιαν
578 286 794 348 συνελθόντων
816 286 916 360 ἔδοξεν
939 282 1109 368 η”Αρτεμις

10 463 11 469 χ
96 385 175 445 αίτία
197 394 250 464 τῆς
275 386 433 466 διαλλαγῆς
450 383 610 466 γεγονέναι.
643 393 702 446 τῶν
721 376 777 446 οὖν
795 383 942 469 ἀγροίκων
961 386 1041 465 δῶρα
1059 408 1109 447 κο-

97 482 244 561 μισάντων
272 481 320 544 ἐπί
344 487 408 556 ταῖς
433 483 601 564 διαλλαγαῖς
624 482 675 543 καί
697 482 752 562 την
775 482 852 544 θεδιν
875 482 1110 563 άνυμνησάντων

96 586 159 654 ταῖς
190 578 341 662 ἀγροίκοις
373 579 494 642 ἐκείνων
527 575 618 665 ᾠδαῖς
650 579 742 642 τόπον
770 581 892 662 ίίστερον
919 580 1033 642 ἔδωκαν
1061 580 1109 642 καλ

70 702 81 739 ι
96 678 281 756 συνήθειαν(

163 797 192 856 3.
216 793 260 855 ότι
287 795 477 876 Θεόκριτος
503 791 518 854 6
544 803 603 854 τῶν
628 792 663 854 τδι
688 793 848 873 βουκολικδι
871 794 1109 876 συγγραψάντων
1126 804 1163 848 A·

94 891 212 974 άριστος
230 891 439 973 Συρακούσιος
462 889 505 952 διν
528 892 560 954 τδ
584 890 669 972 γένος
692 889 802 975 πατέρα
821 891 884 972 ἔσχε
902 891 1110 973 Πραξαγόραν,

95 990 206 1072 μητέρα
225 988 256 1051 δὲ
279 992 413 1051 Φιλίταν.
446 989 478 1051 τὸ
497 989 553 1071 γὰρ
569 985 731 1070 “Σιμιχίδα’
751 989 788 1050 οὐ
806 997 860 1051 τοῦ
877 989 987 1072 πατρὸς
1006 989 1110 1070 ὄνομα,

96 1083 158 1150 ἀλλ’
184 1088 276 1150 αὑτοῦ
301 1106 394 1166 φασιν
418 1086 575 1166 ἐπώνυμον
598 1081 687 1149 εἶναι·
711 1079 750 1167 ἦν
772 1087 828 1170 γδιρ
851 1086 905 1167 τὴν
928 1088 996 1168 ῥῖνα
1017 1089 1109 1167 σιμός.

56 1207 82 1246 ιο
96 1186 208 1268 ἐγένετο
232 1183 264 1247 δὲ
287 1184 433 1263 ἀκουστὴς
456 1189 569 1267 Φιλητᾶ
586 1185 637 1247 καλ
652 1181 884 1266 Ἀσκληπιάδου,
907 1179 950 1247 ὧν
968 1186 1017 1247 καί
1036 1209 1110 1266 μνη·

97 1285 223 1363 μονεόει.
256 1281 368 1362 ἤκμασε
392 1281 423 1344 δὲ
447 1281 479 1343 ἕν
502 1289 563 1356 τοῖς
580 1284 697 1365 χρόνοις
716 1284 902 1362 Πτολεμαίου
919 1294 971 1346 τοῦ
991 1283 1110 1364 ἐπικλη-

97 1380 203 1453 θέντος
217 1387 357 1461 Λαγωοῦ.
389 1380 454 1462 περὶ
474 1379 506 1442 δὲ
519 1381 574 1462 τὴν
588 1391 648 1443 τῶν
661 1385 847 1462 βουκολικῶν
860 1383 980 1462 ποίησιν
994 1382 1110 1463 εὐφυὴς

96 1477 253 1560 γενόμενος
280 1484 389 1559 πολλῆς
413 1480 501 1559 δόξης
524 1479 650 1560 ἐπέτυχε.
686 1479 760 1541 κατὰ
783 1489 857 1562 γοῦν
880 1503 962 1554 τινας
985 1481 1111 1561 Μόσχος

96 1577 129 1639 τὸ
147 1575 219 1657 πρὶν
238 1578 419 1656 καλούμενος
440 1577 596 1659 Θεόκριτος
615 1575 790 1657 αἰνομάσθη.
818 1620 819 1623 =

57 1704 82 1743 ιε
163 1684 195 1744 οί
211 1682 242 1744 δὲ
261 1683 294 1744 ἕν
312 1691 374 1758 τοῖς
391 1684 508 1766 χρόνοις
528 1686 713 1764 Πτολεμαίου
732 1695 785 1746 τοῦ
807 1683 998 1763 Φιλαδέλφου
1017 1684 1110 1763 φασὶν
1129 1717 1162 1727 -

96 1781 240 1860 άκμάσαι,
264 1778 297 1856 ὃς
321 1782 358 1860 δὴ
383 1788 453 1856 παῖς
474 1775 512 1862 ἦν
532 1785 718 1862 Πτολεμαίου
736 1793 789 1844 τοῦ
808 1789 939 1865 Λαγωοῦ
957 1781 1007 1844 καί
1024 1787 1110 1866 Βερε-

96 1882 182 1959 νίκης
204 1889 256 1959 τῆς
277 1873 448 1962 Ἀντιγόνου
472 1882 630 1963 θυγατρός.
667 1880 739 1942 ἓπτδι
762 1879 794 1942 δέ
817 1898 910 1958 φασιν
931 1880 965 1942 ἒν
987 1880 1111 1955 ἐκείνοις

97 1983 158 2052 τοῖς
176 1977 293 2060 χρόνοις
313 1976 442 2057 ἀκμάσαι
460 1978 584 2056 ποιητάς
603 1977 752 2058 ἀρίστους,
773 1976 827 2050 οὓς
845 1977 967 2038 πλειάδα
986 1977 1111 2039 ἐκάλουν

97 2075 146 2136 διὰ
174 2075 206 2137 τὸ
235 2074 306 2137 ἕπτδι
334 2070 418 2137 εἶναι.
458 2069 501 2136 ὧν
528 2075 562 2135 τδι
588 2073 718 2152 ὀνόματά
743 2075 799 2135 είσι
823 2083 927 2135 ταῦτα·
956 2075 1111 2158 Θεόκριτος

57 2193 84 2233 ιο
98 2167 332 2252 οόιος,”Αρατος
351 2171 366 2232 6
386 2172 422 2232 τὰ
439 2171 610 2251 Φαινόμενα
628 2171 747 2253 γράψας
765 2171 814 2233 καί
830 2170 921 2253 ἕτερα,
940 2173 1111 2254 Νίκανδρος

99 2267 114 2330 6
139 2268 174 2330 τδι
195 2269 330 2350 Θηριακδι
353 2270 614 2351 συγγραψάμενος,
637 2270 801 2350 Αἰαντίδης
824 2266 886 2354 (hic
908 2275 940 2332 in
961 2274 1024 2333 cod.
1041 2278 1112 2355 post

97 2368 279 2447 Νίκανδρος,
298 2371 485 2445 transposuit
503 2364 632 2452 Kayser)
649 2401 687 2411 —
704 2370 736 2431 οἵ
752 2367 783 2431 δὲ
802 2368 867 2431 άντλ
885 2370 991 2432 τούτου
1007 2363 1111 2431 Ἀπολ-

98 2465 205 2526 λώνιόν
224 2482 298 2543 φασι
318 2465 369 2527 τὸν
387 2465 421 2526 τδι
438 2459 649 2547 Ἀργοναυτικδι
668 2468 881 2549 συγγράψαντα
902 2501 957 2547 -,
979 2469 1110 2546 Φίλικος,

88 2559 221 2645 Ὅμηρος
247 2561 262 2624 ό
289 2562 369 2644 νέος,
397 2565 542 2645 τραγικός
558 2599 595 2608 -
617 2565 677 2627 ἔστι
702 2565 757 2648 γὰρ
783 2565 832 2628 καὶ
857 2564 953 2648 ἕτερος
969 2561 1111 2647 Ὅμηρος,

57 2681 83 2720 ει
98 2654 189 2742 οὗπερ
207 2660 259 2722 τὸν
274 2655 414 2724 Ἡσίοδον
433 2662 588 2744 ίσόχρονον
606 2665 752 2743 τίθενται,
775 2659 838 2725 ἀλλ’
860 2664 896 2726 οὐ
914 2664 966 2726 τὸν
984 2663 1110 2726 παλαιὸν

89 2754 232 2840 Ὅμηρον,
251 2752 314 2819 ἀλλ’
335 2758 433 2841 ἕτερον
452 2755 513 2839 μετ’
533 2759 647 2822 ἐκεῖνον
660 2795 715 2841 -,
730 2755 932 2844 Ἀνδρομάχου
951 2755 1017 2844 (ης
1032 2755 1109 2843 cod.)

96 2857 271 2936 Βυζάντιος,
295 2854 328 2930 ὃς
352 2858 484 2939 δράματα
507 2858 675 2939 συνέθηκεν
698 2856 736 2939 ζ’,
759 2858 809 2919 καί
827 2859 1001 2941 Λυκόφρων
1021 2856 1036 2918 6
1055 2857 1111 2938 την

94 2948 289 3037 Ἀλεξάνδρου
304 2956 487 3037 συγγράψας.
511 2959 546 3017 cf.
557 2959 653 3017 Tzetz.
665 2958 702 3017 ad
711 2957 782 3034 Lyc.
793 2960 823 3033 4,
834 2960 952 3034 26—5‚
963 2960 982 3016 4
994 2957 1110 3017 Scheer.

165 3059 208 3122 ὅτι
226 3059 277 3120 καί
295 3060 497 3145 ἐπίγραμμα
516 3061 634 3144 φέρεται
652 3064 703 3137 είς
724 3063 918 3144 Θεόκριτον
936 3062 1014 3124 τόδε·
1130 3073 1163 3116 0¹³

57 3225 84 3265 ³⁰
180 3190 284 3268 ’Ἀλλος
303 3192 319 3255 6
339 3200 426 3270 Χῖος·
445 3194 501 3277 ἐγὼ
520 3193 551 3257 δὲ
574 3196 744 3279 Θεόκριτος,
763 3193 795 3269 ὃς
813 3190 877 3256 τάδ’
899 3195 1030 3278 ἔγραψα,

232 3286 274 3365 είς
294 3291 352 3354 άπὸ
371 3302 430 3354 τῶν
448 3299 565 3356 πολλῶν
584 3293 642 3374 είμλ
661 3295 870 3374 Συρακοσίων,

187 3389 253 3463 υίδς
272 3392 469 3473 Πραξαγόραο
488 3397 667 3474 περικλειτης
686 3414 716 3452 τε
737 3393 876 3471 Φιλίνης,

233 3498 348 3567 μοῦσαν
367 3482 396 3549 δ’
417 3486 542 3567 ὀθνείην
561 3484 655 3550 οὔτιν’
675 3487 891 3566 ἐφελκυσάιιην.
