2446 3870
494 131 606 186 Scholia
625 131 676 186 XV
691 138 725 187 64
1047 135 1109 198 311

167 303 217 360 64.
236 300 350 360 πάντα
363 304 531 379 γυναῖκες
546 299 677 360 ἴσαντιι
690 296 823 379 <ἴσασι,>
837 299 917 373 ὅπως
933 298 948 360 ὁ
963 301 1039 374 Ζευς
1053 312 1088 386 τῆ
1100 312 1216 359 {uim

89 398 169 481 Ἥρᾳ
189 399 286 479 λάθρα
303 401 461 474 συνῆλθεν.
485 393 617 477 Ὅμηρος
632 391 674 480 (Ξ
685 392 777 475 296)’
798 395 850 468 ἐἰς
864 397 956 477 εὐνήν
971 409 1113 476 φοιτῶντε

99 498 206 573 φίλους
229 496 358 573 λήθοντο
381 492 510 574 τοκῆας’.
539 489 726 575 Ἀριστοκλῆς
745 489 830 578 (fgm.
847 498 865 556 5
884 497 1010 556 Mueller
1027 500 1112 572 Fym.

98 598 161 654 hist.
175 614 219 669 γυ.
230 596 281 654 IV
291 586 370 674 330)
385 591 416 653 δὲ
431 591 463 653 ε’ν
477 598 516 677 τῷ
531 591 598 672 περὶ
611 601 670 653 τῶν
680 585 841 672 Ἑρμιόνης
854 593 942 673 ῖεροῖιν
956 592 1113 676 ἰδιωτέρως

74 713 85 752 ι
101 693 212 771 ἱστορεῖ
223 690 356 771 περὶτοῦ
370 690 443 763 Διὸς
456 689 507 751 καλ
521 686 587 770 [τοῦ
601 686 666 770 τῆς]
677 687 774 770 Ἥρας
785 690 890 770 γόμου.
918 690 969 752 τὸν
983 690 1039 772 γὰρ
1053 693 1113 754 Δία

100 794 309 869 μυθολογεῖται
323 787 524 868 ἐπιβουλεύειν
538 797 573 872 τῆ
580 784 659 871 Ἥρα
674 796 806 868 μιγῆναι,
821 787 867 849 ὅτε
881 788 976 868 αὐτήν
991 789 1050 850 ἴδοι
1059 814 1112 870 γα-

99 893 254 969 ρισθεῖσαν
265 886 323 947 ἀπὸ
332 896 392 947 τῶν
400 884 497 946 όλλων
507 893 596 946 θεῶν.
612 884 793 965 βουλόμενος
804 882 835 945 δέ
844 883 964 965 ἀφανής
973 885 1114 968 γενέσθαι

100 984 150 1046 καὶ
171 985 211 1063 μή
232 982 370 1063 ὀφθῆναι
387 977 439 1043 ὑπ’
461 983 552 1062 αὐτῆς
570 983 625 1061 τήν
644 982 717 1061 όψιν
736 983 905 1061 μεταβάλλει
923 985 965 1056 εἰς
982 984 1114 1065 κόκκυγα

98 1083 148 1144 καὶ
167 1082 321 1154 καθέζεται
334 1083 376 1154 εἰς
390 1080 469 1162 όρος,
488 1078 504 1141 ὃ
520 1078 707 1161 πρῶτονμὲν
723 1079 838 1161 Θόρναξ
853 1080 991 1160 ἐκαλεῖτο,
1009 1092 1067 1144 νῦν
1081 1081 1114 1146 δέ
1142 1131 1143 1134 ¹

59 1202 85 1242 10
100 1181 228 1252 Κόκκνξ.
256 1180 308 1240 τὸν
327 1177 359 1240 δὲ
372 1181 432 1239 Δία
450 1188 577 1259 χειμῶνα
597 1179 695 1240 δεινὸν
708 1188 831 1257 ποιῆσαι
844 1190 879 1264 τῆ
894 1176 988 1263 ήμέρμ
1002 1179 1112 1267 έκεῖνῆ·

99 1278 153 1356 τήν
173 1276 204 1338 δὲ
215 1273 313 1357 Ἥραν
332 1275 535 1358 πορευομένην
555 1275 650 1355 μόνην
669 1275 831 1354 ἀφικέσθαι
846 1277 920 1358 πρὸς
934 1277 966 1338 τὸ
982 1276 1050 1358 όρος
1064 1279 1114 1340 καὶ

99 1374 278 1447 καθέζεσθαι
297 1375 338 1447 εἰς
357 1374 439 1454 αὐτό,
459 1374 535 1434 όπου
555 1384 611 1435 νῆν
630 1372 708 1434 ἔστιν
723 1370 909 1454 ἱερὸνἭρας
922 1377 1038 1448 τελείας.
1061 1376 1113 1438 τὸν

100 1472 130 1533 δὲ
154 1474 284 1553 κόκκυγα
309 1472 410 1532 ἰδόντα
433 1479 692 1550 καταπετασθῆναι
717 1470 766 1531 καὶ
791 1478 982 1551 καθεσθῆναι
1007 1472 1054 1534 ἐπὶ
1079 1473 1114 1534 τὰ

98 1571 207 1650 γόνατα
227 1571 318 1650 αὐτῆς
336 1570 499 1650 πεφρικότα
518 1569 567 1631 καὶ
585 1571 712 1650 ῥιγῶντα
731 1568 790 1629 ὑπὸ
810 1579 862 1630 τοῦ
881 1580 1030 1650 χειμῶνος.
1058 1571 1113 1650 τήν

59 1690 84 1730 ιτ
100 1666 131 1728 δέ
142 1663 239 1747 Ἥραν
259 1668 383 1728 ἰδοῦσαν
399 1667 490 1729 αὐτὸν
505 1669 643 1747 οἰκτεῖραι
656 1666 706 1727 καλ
720 1670 888 1748 περιβαλεῖν
902 1677 937 1752 τῆ
952 1667 1113 1753 ἀμπεχόνῃ.

99 1765 150 1826 τδν
169 1764 200 1826 δὲ
218 1767 276 1826 Δία
295 1765 408 1839 εὐθέως
427 1769 599 1846 μεταβαλεῖν
617 1765 671 1844 τήν
689 1763 762 1843 όψιν
781 1764 831 1825 καὶ
849 1765 1042 1846 ἐπιλαβέσθαι
1060 1777 1113 1846 τῆς

91 1860 195 1946 Ἥρας.
224 1874 276 1943 τῆς
291 1862 322 1924 δὲ
336 1863 391 1942 τήν
406 1865 485 1942 μίξιν
499 1862 736 1946 παραιτουμένής
752 1862 800 1922 διὰ
814 1863 869 1941 τήν
883 1862 1002 1944 μητέρα,
1021 1864 1113 1927 αὐτόν
1143 1864 1145 1867 ’

98 1960 282 2042 ὑποσχέσθαι
306 1968 434 2041 γυναῖκα
459 1961 553 2038 αὐτήν
578 1962 771 2038 ποιήσασθαι.
808 1960 858 2020 καὶ
883 1955 954 2041 παρ’
972 1958 1113 2043 Ἀργείοις

100 2057 141 2137 δέ,
160 2061 190 2118 οἳ
208 2057 326 2138 μέγιστα
344 2068 403 2117 τῶν
416 2053 569 2135 Ἑλλήνων
583 2067 684 2135 τιμῶσι
700 2057 754 2134 τὴν
769 2057 853 2135 θεόν,
872 2057 904 2118 τὸ
919 2054 980 2138 [δέ]
998 2056 1114 2139 όλγαλμα

169 2310 182 2351 1
202 2299 283 2366 ἴσασι,
303 2298 397 2368 φησίν,
417 2299 447 2352 αῖ
466 2308 596 2368 γυναῖκες
609 2309 668 2362 πῶς
682 2299 765 2353 Tricl.
781 2299 866 2368 (ὅπως
879 2301 1011 2370 Ahrens):
1027 2303 1113 2370 φήσλν

100 2369 139 2424 ότι
166 2370 246 2423 codd.
267 2371 369 2437 nostri,
393 2371 494 2438 quibus
514 2370 581 2424 0:11.
602 2371 667 2424 add.
688 2370 743 2441 <τδι
761 2371 856 2425 πάντα
874 2372 905 2425 αλ
923 2381 1054 2441 γυναῖκες
1073 2394 1113 2442 γι·

98 2445 235 2496 νώσκουσι
253 2443 300 2495 καλ
320 2440 382 2512 ότι>
456 2452 470 2494 8
488 2441 610 2509 λήθοντο
629 2450 665 2497 K:
685 2441 820 2509 ἐλήθοντο
839 2447 951 2496 UEAP:
967 2443 1113 2511 ἐλελήθον-

98 2533 129 2566 το
145 2519 177 2564 G:
192 2513 312 2579 λήθοντε
327 2513 406 2566 Hom.
458 2511 631 2581 Ἀριστοκλῆς
645 2530 678 2566 cx
693 2513 801 2566 Aelicn.
812 2514 885 2569 Hist.
896 2531 940 2568 sn.
952 2515 989 2568 XI
1003 2515 1114 2570 4Gras-

98 2585 151 2637 hof
166 2585 297 2651 κυκνον.
313 2585 386 2639 Ρλιιλ.
403 2589 617 2651 10,1829‚144
642 2584 880 2653 adstipulantibus
905 2586 1038 2640 Muellero
1059 2588 1074 2640 l.
1096 2588 1113 2640 l.

99 2663 123 2711 et
142 2658 182 2709 II
193 2660 252 2722 191,
267 2655 328 2710 Vol.
345 2656 428 2709 Rosio
442 2656 528 2710 Arist.
536 2657 665 2724 pseudep.
678 2659 758 2722 1863,
769 2661 824 2710 618
842 2656 919 2710 aliis:
933 2654 1114 2727 Ἀριστοτέλης

99 2727 179 2782 codd.
287 2739 302 2779 4
321 2728 352 2781 δὲ
372 2744 425 2781 om.
443 2735 466 2779 K
537 2736 592 2781 τῶν
608 2725 684 2796 Ἑρμ.
706 2727 816 2796 scripsi:
837 2735 887 2795 τῆς
900 2726 978 2796 Ἓρμ.
997 2729 1077 2783 οοδδ.

99 2799 180 2867 λιρῶν
204 2799 405 2867 Hemsterhuys
429 2802 458 2851 ct
479 2799 571 2867 Toup:
598 2798 661 2870 ἱερῷ
686 2799 766 2852 codd.
840 2800 984 2867 ῖδιώτερον
1003 2795 1078 2852 λλΕᾸ

98 2881 112 2923 c
133 2870 186 2922 del.
203 2870 392 2923 Wilsmowitz
465 2881 479 2922 ο
498 2873 696 2940 μυθολογεῖται
716 2878 752 2923 K:
776 2879 832 2938 -γεῑ
850 2873 914 2923 cett.
970 2869 1015 2924 δτε
1030 2871 1112 2924 Call:

100 2938 141 2995 ότι
161 2941 239 2995 codd.
295 2941 349 3010 ήδη
371 2948 415 2994 (λλ)
487 2952 502 2993 9
520 2950 631 3008 πρῶτον
645 2945 707 2994 KA:
727 2941 794 2994 ποτὲ
813 2945 897 2994 UGP:
917 2951 1028 3008 πρῶτον
1046 2940 1113 2997 ποτὲ

98 3018 133 3065 E:
157 3022 262 3077 προτοῦ
285 3014 393 3066 Ahrens
456 3011 568 3079 Θόρναξ
592 3012 806 3079 Hemstorhuys‚
831 3012 864 3064 cf.
885 3012 1068 3080 Pandusa,
1085 3021 1113 3068 1:

98 3083 208 3148 θρόναξ
233 3088 373 3136 UEAGP:
402 3083 431 3135 in
455 3090 479 3135 K
505 3083 626 3137 discerni
649 3100 705 3136 non
728 3085 822 3151 potest
844 3082 899 3136 nisi
921 3085 1060 3150 θ..,αξ

97 3164 126 3204 ιο
146 3155 176 3205 δὲ
197 3169 249 3206 om.
265 3161 289 3205 K
365 3165 392 3206 ιι
412 3154 451 3216 εἰς
470 3161 504 3207 K:
530 3151 574 3208 ἐπ’
597 3156 662 3208 cett.
735 3165 762 3206 14
781 3163 963 3222 πεφρικῶντα
981 3163 1004 3208 Κ
1059 3153 1113 3211 ono

98 3234 146 3278 τοῦ
171 3232 305 3293 χειμῶνος
324 3232 358 3277 K:
384 3224 432 3278 διὰ
455 3221 504 3279 τόν
523 3234 646 3294 χειμῶνα
665 3227 729 3279 cett.
821 3236 847 3278 17
867 3232 1113 3295 τῆς-παραιτου-

98 3295 182 3364 μένής
201 3302 236 3347 K:
256 3295 571 3364 τήν-παραιτουμένην
590 3299 655 3350 συλλ.
728 3306 756 3349 18
776 3297 863 3366 αότήν
878 3299 990 3366 scripsi:
1009 3298 1115 3368 ταύτην

98 3368 180 3422 codd.
271 3378 299 3418 lo
318 3367 350 3421 δέ
368 3364 512 3436 μοεδἈργ.
533 3375 624 3421 om.K
697 3367 725 3421 ολ
743 3366 856 3438 μέγιστα
874 3369 996 3423 Ahrsns:
1020 3371 1048 3423 οἳ
1069 3368 1115 3438 μέ-

97 3457 193 3507 γιστον
212 3437 255 3493 vel
276 3439 392 3506 μάλιστα
407 3436 622 3506 Hcmsterhuys:
642 3437 669 3492 ολ
687 3437 809 3508 μέγιστοι
828 3439 908 3494 codd.
964 3440 1017 3494 del.
1031 3440 1115 3494 Hom-

98 3511 229 3578 stcrhuys
