2438 3870
131 125 197 191 κω
452 126 822 198 ωΜηαμψω

131 296 251 376 έστηκεν
264 295 297 356 ἔκ
311 295 486 375 δραγμάτων
504 292 569 375 ρ’ίλ
588 295 637 356 καὶ
656 290 696 374 σ’,
715 297 897 376 δράγματα
915 293 948 358 δέ
965 297 1040 357 εἰσιν
1060 294 1146 358 ὅσαδ

132 395 259 474 θερίζων
277 393 420 472 λαμβάνει
437 392 469 455 έν
488 401 523 477 τῇ
542 392 677 478 ἀριστερᾷ
696 393 778 474 χειρί,
796 393 877 475 παρὰ
894 395 926 456 τὸ
946 394 1087 476 δράττειν.

25 507 145 554 unm
198 493 226 553 b.
250 485 407 572 σφίγγετ’
437 488 664 570 ἀμαλοδέταιι
691 489 853 574 ἀπέστρεψε
881 491 932 554 τὸν
960 491 1048 574 λύγον
1070 491 1147 574 πρὸς

132 592 202 663 τοὺς
216 587 379 667 ἑπομένους
393 586 442 650 καί
455 587 490 649 τὰ
503 588 679 669 θεριζόμενα
693 590 938 669 συνδεσμοῦντας.
963 589 1147 671 δράγματα

133 689 166 751 δέ
183 688 243 750 έστι
260 686 295 747 τά
313 691 484 765 πληροῦντα
501 695 560 747 τῶν
579 685 713 766 σταχύων
731 686 785 765 την
801 686 968 769 ἀριστεράν·
992 687 1082 750 ἔνθεν
1096 685 1147 750 καλ
1173 707 1185 750 ι

133 787 258 868 δραχμή,
277 782 296 864 ἡ
315 790 468 864 πληροῦσα
486 783 541 862 τὴν
559 789 640 865 χεῖρα
657 790 697 871 τῷ
713 784 841 866 κέρματι.

93 887 123 944 υς
201 906 224 946 ο.
248 882 467 964 ἀμαλοδέτης
491 881 506 944 ὁ
530 881 581 955 τὰς
605 881 718 962 ἀμάλας
736 884 851 962 δεσμῶν
868 880 965 964 ἤγουν
983 883 1018 944 τὰ
1037 893 1147 958 κοινῶς

132 983 262 1062 δεμάτια.

107 1095 123 1138 κ
200 1084 241 1141 45
253 1102 279 1141 ε.
303 1081 458 1141 σύκινοιι
483 1077 669 1161 παρειμένοι,
697 1077 846 1153 ἀσθενεῖς·
875 1088 1010 1141 τοιοῦτον
1032 1079 1090 1161 γὰρ
1114 1080 1148 1143 τδ

133 1181 222 1254 ξύλον
240 1188 293 1258 τῆς
311 1186 414 1256 συκῆς,
433 1175 543 1258 ἀγονον
562 1175 601 1249 ὡς
621 1176 796 1256 ἐντεριώνην
815 1177 889 1258 έχου.
1162 1198 1187 1240 ιο

67 1288 124 1334 uu
200 1279 228 1337 b.
252 1276 394 1338 σύκινοι
417 1272 556 1357 άνδρεςι
586 1273 737 1355 ἀσθενεῖς,
764 1273 874 1357 ἀχρεῖοι
896 1268 937 1348 ὥς
962 1275 1012 1336 καὶ
1039 1276 1071 1338 τὸ
1095 1285 1148 1356 τῆς

134 1383 227 1452 συκῆς
247 1375 344 1447 ξύλον.

63 1484 123 1528 w
201 1492 224 1533 ο.
249 1471 293 1551 μὴ
317 1471 454 1548 παριών
478 1495 530 1544 τις
553 1471 660 1532 εἴποι·
691 1471 834 1532 σύκινοι
861 1469 1002 1551 άνδρεςε
1031 1472 1148 1533 σύκινοι

133 1571 165 1631 οί
180 1568 318 1643 ἀσθενεῖς
334 1567 385 1629 καὶ
404 1567 524 1650 ἀχρεῖοι,
548 1569 592 1630 ὅτι
610 1567 642 1629 τὸ
661 1577 714 1648 τῆς
733 1578 826 1648 συκῆς
845 1569 934 1642 ξύλον
953 1565 1079 1642 ἀσθενές
1097 1567 1147 1630 καλ

132 1666 291 1729 ἀδύνατον.
324 1667 397 1727 ὅθεν
416 1666 466 1728 καὶ
484 1668 591 1744 συκίνη
610 1665 763 1747 ἐπικουρία
781 1663 801 1744 ἡ
821 1664 960 1745 ἀσθενής.
1163 1687 1187 1730 ιι

108 1778 122 1821 Ρ
200 1768 227 1825 d.
251 1763 409 1826 ἀπώλετο
428 1758 554 1844 χούτος
573 1762 746 1843 δμισθόςι
765 1762 871 1845 ἤγουν,
886 1760 926 1825 δι’
943 1761 978 1826 δν
994 1773 1050 1826 νῦν
1064 1765 1148 1848 έργά-

133 1866 239 1936 ζονται.

29 1962 128 2018 {⁸11⁸}ss
200 1983 224 2020 ε.
247 1957 290 2040 <ὁ
310 1958 478 2040 μισθόςτ>
501 1959 743 2039 ὀδοθησόμενος
761 1959 841 2039 ύμῖν.

107 2070 123 2113 Κ
201 2054 339 2140 46ί47ε.
363 2057 382 2119 ἀ
402 2059 501 2138 τομάς
521 2057 596 2137 φησὶ
616 2060 679 2118 δεῖν
697 2057 941 2138 ἀπεστραμμέυηυ
965 2069 1017 2119 τοῦ
1036 2057 1147 2139 ἀνέμου

132 2163 252 2219 κεῖσθαι
270 2156 343 2237 ὑπὲρ
363 2166 416 2218 τοῦ
435 2157 475 2237 μὴ
496 2157 736 2218 διατινάσσεσθαι
754 2155 804 2218 καλ
822 2155 870 2218 έπλ
884 2155 975 2218 πλέον
989 2155 1146 2231 αύξεσθαι·
1160 2177 1185 2219 ιο

133 2256 210 2317 ούτω
229 2255 285 2337 γάρ
304 2255 342 2316 ἀν
361 2257 484 2336 λιπαρὸς
503 2254 636 2333 διαμένοι
655 2253 671 2316 δ
690 2255 810 2334 καρπός.

26 2362 152 2409 unm
205 2356 233 2414 b.
257 2353 276 2413 ἀ
298 2354 416 2432 τομάς
447 2352 729 2434 παρατετηρημένως
756 2351 830 2434 λέγει
858 2354 928 2425 τοὺς
959 2353 1011 2426 τὰς
1036 2351 1149 2431 ἀμάλας

138 2458 422 2531 θημονοθετοῦντας
440 2451 518 2511 ούτω
532 2450 649 2512 τιθέναι
662 2452 734 2512 ὥστε
747 2451 817 2523 τοὺς
831 2451 957 2531 στάχυας
970 2450 1149 2530 ἐμπνεῖσθαι

133 2547 192 2610 ὑπὸ
215 2558 268 2610 τοῦ
292 2548 421 2629 ζεφύρου
440 2546 459 2628 ἢ
483 2547 603 2630 βορέου·
632 2549 684 2610 τὸν
707 2548 761 2630 γὰρ
785 2548 895 2610 κόκκον
916 2547 1058 2630 ἐνδοτέρω
1077 2545 1149 2609 ὄντα

134 2647 210 2708 οὕτω
229 2647 385 2725 συμβαίνει
404 2647 577 2706 πιαίνεσθαι
595 2646 802 2725 ἐμπνεόμενον.
1162 2665 1187 2707 ιι

204 2812 217 2853 1
235 2800 355 2869 Ηεεγσλι.
375 2799 498 2869 δράγμα·
524 2799 589 2855 ὅσον
607 2800 808 2872 περιλαμβάνει
825 2809 859 2872 τῇ
883 2801 1014 2875 ἀριστερᾷ
1036 2800 1108 2872 γειρλ
1132 2798 1148 2854 ὁ

132 2871 259 2939 θερίζων.
315 2872 353 2926 id.
374 2871 520 2941 δράγματα
575 2873 631 2926 soh.
647 2873 697 2925 VII
713 2872 787 2926 15⁷b
807 2888 871 2924 cum
888 2870 940 2925 loc.
956 2871 1017 2926 sim.
1068 2870 1148 2927 Eunt.

134 2941 1139 3012 mffinmfflnmmwmssfflmmmwmm-

133 3014 177 3068 Et.
193 3015 263 3068 Gud.
281 3022 340 3081 151,
356 3021 390 3068 58
406 3015 485 3069 Sturz
561 3026 576 3067 0
595 3014 715 3083 Hesych.
732 3015 810 3068 Phot.
826 3013 902 3067 Suid.
919 3013 1035 3068 σύκινον
1089 3012 1147 3068 soh.

134 3089 180 3139 Ar.
196 3086 268 3139 Plut.
285 3092 336 3139 946
392 3086 435 3139 Et.
451 3087 487 3140 M.
504 3092 564 3152 733,
581 3092 612 3138 11
686 3096 714 3138 15
733 3085 835 3140 Macar.
850 3084 902 3138 VII
916 3090 949 3138 82

175 3223 364 3299 'Boqn'yyev'
385 3246 438 3283 om.
454 3233 530 3281 un
632 3227 864 3282 smmum
967 3227 1147 3299 σὴδραγμὴ

133 3303 230 3371 Π(Ε)Δ
337 3310 364 3352 15
388 3301 473 3354 verba
497 3299 567 3355 ὅθεν
582 3299 745 3368 -ἀσθενής
767 3305 846 3353 ιιΡΤ
870 3299 974 3353 omissa
993 3298 1024 3352 in
1043 3304 1065 3352 fl
1082 3301 1149 3390 pont

134 3373 241 3443 ἀχρεῖοι
260 3372 404 3440 leguntur3
423 3371 585 3440 transposui
604 3370 742 3440 Callierge
761 3372 913 3440 praeeunte
1003 3381 1032 3423 1ο
1051 3373 1080 3424 δι
1113 3368 1147 3425 δν

133 3445 254 3497 Ahrens:
274 3443 319 3497 διὸ
339 3444 399 3497 cod.
471 3453 500 3495 1⁰
519 3441 739 3512 ἀπεστερημένον
757 3442 818 3511 (sic)
836 3441 906 3507 cod„
925 3457 993 3496 corr.
1009 3441 1147 3496 Wilamo·

133 3514 198 3567 witz
270 3524 299 3566 νο
318 3517 551 3588 θημοθετοῖιντας
569 3518 644 3566 un
716 3524 746 3567 τε
765 3511 910 3584 συμβαίνει
929 3529 983 3568 om.
998 3516 1076 3566 un
