2438 3870
159 116 203 180 52
506 119 618 175 Scholia
635 124 649 177 1
663 129 697 177 56
708 124 822 176 e-b‘ls

72 293 152 338 ms
228 307 252 345 e.
275 285 451 347 αἰολικόνε
472 287 576 351 αἰόλον
594 314 621 350 τι
639 290 688 352 καὶ
706 291 841 374 ποικίλον
859 287 967 366 θέαμα.

92 383 151 427 ΠΤ
227 386 247 443 f.
270 384 414 464 γράφεται
426 385 514 466 χωρὶς
530 398 584 449 τοῦ
598 388 621 448 π
635 393 664 448 Α
669 388 822 466 ἰολικόν,
840 387 872 448 τὸ
891 384 1085 464 ἀπατητικόν·
1101 387 1181 449 Αἰο-

157 481 245 553 λίζειν
263 480 319 562 γὰρ
337 481 370 542 τὸ
389 481 513 545 ἀπατᾶν.
538 491 699 566 Σοφοκλῆς
718 481 804 568 (igm.
821 488 883 546 826
904 485 1011 544 Nauck
1028 485 1119 560 Ὶλαμ.
1132 505 1181 561 or.

50 585 171 632 mm
183 573 268 654 sym.²
279 577 372 660 323)·
388 577 470 660 μηδ’
482 583 599 656 Αἰόλιζε
613 580 723 645 ταῦτα’.
769 606 798 663 g.
815 580 1019 662 ῆΑἰολικὸυ
1032 580 1066 642 τὸ
1076 583 1181 646 Αἰτω-

156 675 249 737 λικόν.
281 677 400 750 Αἰολεῖς
419 683 474 760 γὰρ
494 682 526 741 οί
541 682 681 743 Αἰτωλοί·
705 681 734 755 ἐξ
753 681 900 753 Αἰτωλίας
920 677 954 740 δέ
973 697 1048 758 φησι
1066 679 1099 741 τὸ
1120 703 1179 744 πο-
1206 704 1218 745 s

90 774 258 855 θΕΑτῆριον
276 778 460 855 κεκομίσθαι.
525 775 582 860 [h]
605 781 746 860 γράφεται
766 776 797 840 δὲ
816 776 1025 838 Αἰτωλικόν.

112 881 149 934 Ρ’“
227 877 275 962 [i]
294 879 541 964 (sirmiensium)
560 885 609 946 διὰ
628 871 836 947 τῶνάἰπόλων
855 886 944 963 δηλοῖ
959 883 1007 944 καί
1021 884 1092 958 τοὺς
1106 907 1178 948 ποι-

158 977 249 1056 μένας
267 979 317 1041 καί
335 983 404 1054 τοὺς
422 983 595 1062 βουκόλους.

109 1087 146 1130 ΡΤ
205 1085 280 1164 [k]
306 1087 573 1168 θοίῆμαεθέαμα.

48 1199 147 1245 nm
223 1197 242 1252 l.
267 1193 404 1268 όιτύξαιι
427 1197 609 1275 καταπλῆξαι
627 1215 682 1257 σου
701 1199 755 1276 τὴν
774 1197 887 1277 ψυχήν,
910 1196 960 1257 καί
982 1191 1022 1257 δι’
1042 1195 1175 1278 ὑπερβο·
1190 1219 1216 1259 ιο

156 1290 213 1369 λῆν
230 1292 356 1365 κάλλους
375 1295 523 1375 τεράστιον
541 1293 580 1354 ἰλν
599 1296 765 1373 νομισθείη.

93 1407 145 1459 4ὐτ
222 1421 261 1458 m.
285 1399 395 1478 τέρας
418 1399 457 1462 κέ
478 1424 520 1462 τυ
544 1401 672 1480 θυμὸν
695 1399 847 1474 ἀτόξαιι
870 1400 936 1461 ἀντὶ
955 1411 1007 1462 τοῦ
1029 1398 1175 1480 ἐκπλῆξαι

156 1498 333 1576 δυνάμενον.
369 1496 419 1559 καί
438 1496 569 1580 Ὅμηρος
594 1494 632 1580 (Ζ
652 1493 745 1579 468)·
769 1495 890 1580 (πατρὸς
914 1497 987 1576 όψιν
1010 1497 1172 1578 ἀτυχθείς’.

154 1605 240 1656 τοῦτο
259 1596 291 1657 τὸ
311 1595 410 1674 θέαμα
427 1597 578 1678 τεράστιον
597 1593 651 1676 [τι]
670 1594 707 1656 όν
727 1596 782 1674 τῆν
801 1598 857 1676 σῆν
875 1597 1010 1675 ἐκπλήξει
1025 1597 1172 1657 διάνοιαν.

154 1714 182 1752 n.
201 1702 287 1754 τοῦτο
306 1691 338 1754 δὲ
357 1693 415 1773 ἔφη
436 1690 475 1755 δι’
492 1693 660 1776 ὑπερβολὴν
678 1704 730 1756 τοῦ
749 1695 883 1768 κάλλους.
1188 1722 1214 1764 ιε

128 1817 144 1860 Κ
165 1836 166 1840 ’
220 1805 326 1889 [ὅλα]
349 1816 533 1892 πορθμεῖε
552 1808 610 1871 ἀπὸ
630 1819 683 1871 τοῦ
702 1810 847 1890 πορθμός.
871 1809 911 1885 ὡς
930 1810 989 1873 ἀπὸ
1008 1819 1061 1872 τοῦ
1081 1813 1172 1892 κείρω

152 1907 277 1987 κορμός,
300 1908 394 1981 οὕτως
417 1908 466 1969 καί
489 1907 548 1970 ἀπὸ
567 1918 619 1969 τοῦ
638 1911 728 1990 πείρω
750 1919 802 1970 τοῦ
822 1911 1019 1988 σημαίνοντος
1037 1909 1070 1970 τὸ
1088 1920 1170 1990 περῶ

151 2014 262 2094 γίνεται
282 2016 395 2098 πορμὸς
416 2015 467 2076 καὶ
489 2021 661 2100 πλεονασμῷ
686 2025 739 2077 τοῦ
762 1997 793 2076 s
804 2017 954 2098 πορθμός·
980 2016 1039 2078 ἔστι
1058 2013 1090 2076 δὲ
1108 2018 1170 2077 θοί-

223 2161 236 2202 1
255 2151 312 2205 sch.
326 2152 349 2204 B
364 2151 382 2204 Z
399 2158 449 2206 359
505 2153 625 2222 Hesych.
639 2153 719 2206 Phot.
735 2152 812 2207 Suid.
827 2151 922 2215 αἰόλος
975 2153 1039 2207 Lex.
1050 2151 1166 2206 Bschm.

153 2225 225 2287 45‚1
299 2233 313 2274 4
332 2222 453 2291 Hesych.
467 2221 601 2279 Αἰολικὸν
619 2223 728 2293 θέαμα·
748 2225 812 2279 ἀντὶ
830 2233 880 2279 τοῦ
894 2224 1050 2278 Αἰτωλικὸν
1063 2223 1168 2292 (Αἰολι-

152 2292 203 2346 κὸν
217 2292 288 2358 σουλ,
303 2309 370 2346 corr.
387 2294 544 2364 Gasaubon)
558 2295 636 2362 παρὰ
653 2293 806 2367 Θεοκρίτῳ·
820 2295 838 2364 ἡ
853 2295 906 2365 γὰρ
922 2296 1061 2350 Καλυδὼν
1069 2293 1168 2358 Αἰολίς

151 2363 283 2417 ἐκαλεῖτο.
354 2375 382 2417 Ισ
402 2365 445 2420 st.
461 2364 530 2419 Gen.
545 2365 599 2433 (Et.
614 2366 651 2420 M.
668 2372 729 2434 683,
745 2373 790 2432 Ιδς
810 2372 871 2432 477,
886 2370 943 2435 22):
967 2364 1109 2434 πορθμός·
1130 2367 1168 2429 ὡς

151 2431 208 2489 ἀπὸ
226 2443 276 2488 τοῦ
294 2433 377 2502 κείρω
396 2433 508 2504 κορμός,
527 2436 615 2499 οὕτως
632 2438 681 2490 καί
700 2437 756 2491 ἀπὸ
774 2445 824 2491 τοῦ
843 2435 929 2503 πείρα
948 2446 999 2490 τοῦ
1013 2434 1167 2504 σημαίνον-

90 2565 93 2569 .
150 2542 197 2584 τος
213 2523 245 2576 τὸ
264 2533 338 2589 περῶ
357 2521 465 2592 γίνεται
482 2528 588 2592 πορμός
606 2526 655 2578 καί
673 2529 835 2595 πλεονασμῷ
850 2533 900 2578 τοῦ
918 2529 942 2578 θ
957 2521 1087 2591 πορθμός
1100 2524 1167 2591 (hoc

151 2609 204 2647 om.
219 2594 261 2651 A).
295 2594 351 2649 ἔστι
365 2596 396 2649 δὲ
409 2594 540 2649 θάλασσα
554 2596 656 2665 μεταξὺ
671 2596 722 2650 δύο
736 2592 869 2663 ἠπείρων,
884 2595 986 2663 ἰσθμὸς
1000 2593 1031 2647 δὲ
1044 2593 1166 2647 τούναν-

150 2661 212 2718 τίον
228 2665 247 2734 ἡ
266 2665 346 2734 στενὴ
365 2665 480 2734 ἤπειρος
498 2665 516 2734 ῆ
536 2667 637 2734 μεταξὺ
656 2666 708 2719 ssa
726 2668 885 2719 θαλασσίαν.
1187 2675 1190 2677 ’

220 2789 283 2845 ll.:
303 2789 429 2846 αἰολικόν
448 2791 559 2860 scripsi:
579 2791 726 2844 αίπολικόυ
740 2798 775 2842 K:
795 2790 943 2844 αἰπολικὸν
962 2789 1063 2859 θάημα
1083 2792 1164 2845 ceti:

150 2859 275 2930 αίολίχον
302 2861 349 2930 (ab
375 2860 469 2922 αἰόλος
493 2865 525 2915 ut
549 2860 683 2931 πυρρίχας
709 2878 725 2914 s
750 2860 865 2931 πυρρός)
889 2860 991 2930 θάημα
1019 2862 1127 2915 Ahrsns

150 2929 392 3001 αἰόλον-θέαμα
411 2940 446 2985 K:
471 2931 740 3001 αίολικόν-θόῆμα
759 2935 823 2986 cett.
932 2944 946 2986 2
971 2930 1118 2988 αίπολικόυ
1136 2953 1163 2988 τι

149 3001 262 3070 θάημα·
277 3024 319 3072 γρ.
334 3005 383 3057 καί
396 3025 420 3074 χ.
435 3010 479 3056 ΡΤ
520 3004 552 3058 τό
566 3001 739 3072 ἀπατητικόν
752 3021 805 3058 om.
821 3011 844 3056 K
880 3001 1163 3070 αἰολίζειν-ἀπατᾶν

148 3079 186 3126 K:
204 3073 450 3138 αἰολίζω-ίιπατῶ
469 3077 534 3129 ceti.
616 3085 630 3127 ο
649 3078 800 3144 Σοφοκλῆς
818 3075 911 3145 Toup,
931 3077 1078 3130 confirmat
1096 3075 1162 3130 Lex.

148 3144 261 3197 Baohm.
277 3151 320 3212 49,
336 3151 382 3200 29:
402 3143 540 3214 Ἱεροκλῆς
558 3147 638 3201 codd.
728 3157 743 3199 4
760 3155 849 3201 ταῦτα
869 3154 926 3201 PT:
946 3147 1037 3202 αἰτόν
1055 3148 1161 3217 Apogr.

148 3214 349 3270 Ambr.Bsrb.:
369 3233 446 3271 evsn.
461 3218 492 3270 in
506 3225 530 3270 K
582 3218 614 3272 τὸ
629 3215 783 3273 Αἰτωλικόν
798 3225 967 3273 omMEA
1040 3218 1162 3286 {Thyr-

148 3285 186 3339 sis
206 3287 281 3340 enim
300 3305 356 3342 non
375 3285 491 3350 αἰπόλος
509 3291 560 3356 est,
580 3289 629 3342 sed
647 3289 751 3358 ποιμήν
845 3303 859 3343 9
878 3297 911 3344 T:
931 3291 981 3344 καί
998 3289 1094 3358 θέαμα
1112 3291 1162 3344 καί

147 3360 247 3427 θαῦμα
319 3370 345 3412 11
363 3358 507 3426 τεράστιον
524 3360 627 3414 Jacobs
649 3363 685 3430 (p
701 3360 825 3429 mm:
851 3361 968 3428 ἐραστὸν
990 3368 1022 3414 T:
1046 3361 1162 3428 ίραστὸς

147 3429 213 3482 cett.
250 3433 396 3498 praetem.
409 3429 486 3498 eali,
501 3430 584 3499 τέρας
596 3452 623 3486 τι
638 3427 671 3486 ἰν
684 3449 761 3500 prop.
772 3431 960 3487 Wsssmowitz
1021 3443 1049 3485 15
1064 3431 1120 3485 sch.
1131 3450 1160 3501 n,

147 3501 223 3569 quod
246 3501 276 3554 in
294 3501 374 3556 libris
394 3503 529 3557 adhaeret
547 3503 654 3558 scholio
673 3503 693 3570 f,
712 3504 766 3557 huc
784 3504 946 3573 transposui
