2438 3870
476 132 615 188 Praefatio
635 131 660 185 V
985 129 1074 184 XXIX

58 302 182 380 optimis
197 294 442 384 (KGLUEAP
448 294 490 382 ¹1¹)
509 301 712 376 inveniuntur,
728 301 857 376 exceptis
871 299 992 376 ineptiis
1008 301 1072 375 qui-

57 390 186 452 busdam
207 392 301 452 codici
318 396 349 451 U
366 391 458 450 rubro
476 391 575 450 colore
594 391 721 467 appictis
740 392 841 450 omnia
858 388 965 464 recepi.
999 407 1072 464 quos

58 483 216 559 praeterea
233 481 325 541 libros
345 480 383 540 ad
401 482 564 540 carminum
585 479 764 539 aeolioorum
778 481 809 538 et
822 478 1073 555 technopaegnio-

60 589 127 629 rum
146 570 258 630 scholia
276 570 484 630 constituenda
503 569 698 643 adhibuerim,
717 587 808 644 supra
826 568 940 626 dictum
958 570 1010 627 est.
1040 567 1072 626 in
1085 574 1170 620 erosa-r

60 659 236 737 recipiendis
261 679 332 720 vero
356 659 392 718 iis
416 658 671 733 adnotationibus,
698 675 774 733 quae
797 661 851 716 aut
872 657 952 716 inter
973 659 1073 717 textus

59 747 154 808 lineas
173 740 235 830 (1⁸)
255 749 357 807 autin
376 767 411 807 ea
431 768 521 824 quam
540 748 652 808 scholia
667 746 806 806 continuo
821 747 932 822 scripta
946 765 1073 806 vacuam

59 837 245 912 reliquerunt
266 837 411 916 marginis
431 839 517 914 parte
537 829 606 918 (xm)
625 837 775 914 leguntur,
793 837 849 896 hac
867 837 984 895 ratione
1002 855 1072 896 usus

60 943 133 985 sum.
171 945 238 985 cum
267 927 407 1004 glossas
435 926 571 985 codicum
598 931 761 986 KLUEP
787 926 942 985 universas
970 929 1073 984 contu·

59 1014 169 1090 lissem,
188 1033 265 1092 quae
283 1015 368 1074 libris
382 1020 446 1076 ΘΔ
466 1015 656 1074 continentur
670 1016 773 1091 inopia
787 1015 929 1091 temporis
944 1018 1073 1091 coactus,

61 1122 138 1180 quae
157 1109 184 1163 Τ
202 1108 337 1182 praestat
356 1105 491 1164 consulto
510 1105 635 1182 neglexi.
669 1105 780 1164 sedvel
794 1105 841 1163 his
855 1105 1073 1181 praetermissis

61 1192 97 1250 de
116 1192 248 1252 omnium
267 1195 452 1254 familiarum
470 1194 576 1271 glossis
596 1194 668 1253 satis
688 1197 813 1254 constat.
847 1197 877 1253 et
894 1195 993 1270 recepi
1007 1196 1072 1270 qui-

60 1281 195 1341 demens
214 1283 328 1360 glossas
348 1284 568 1359 qualescunque
587 1286 648 1342 sint
666 1303 780 1358 omncs,
805 1285 931 1358 quaein
950 1303 1010 1343 uno
1030 1284 1072 1342 al-

58 1373 162 1429 terove
185 1372 284 1431 codice
308 1373 404 1432 alieno
428 1372 609 1433 scholiorum
632 1373 748 1447 corpori
770 1372 884 1431 inserta
904 1375 987 1446 sunt,
1006 1391 1073 1431 cum

60 1477 139 1535 quae
157 1461 340 1520 necessitudo
359 1461 439 1520 inter
456 1462 589 1538 singulos
608 1461 699 1520 libros
719 1465 750 1520 et
762 1462 894 1520 familias
908 1461 1073 1520 intercedat

58 1547 115 1606 hoc
132 1549 221 1608 modo
239 1550 351 1626 optime
370 1555 567 1628 cognoscatur
580 1543 618 1630 (e.
634 1571 661 1628 g.
676 1543 874 1632 KLssussnss).
908 1570 983 1626 quae
1001 1570 1071 1611 vero

60 1655 75 1695 e
99 1638 218 1697 scholiis
242 1639 438 1715 amplioribus
457 1643 611 1716 excerptae
629 1639 770 1699 videntur
787 1642 902 1718 glossae
921 1642 1006 1699 varia
1024 1659 1070 1700 ra·

58 1727 140 1785 tione
158 1730 306 1788 tractatae
325 1731 403 1790 sunt.
435 1731 462 1788 si
479 1729 559 1788 idem
577 1729 653 1789 liber
671 1730 801 1806 glossam
820 1729 984 1788 breviorem
1004 1748 1072 1804 sup-

58 1815 176 1892 peditat
198 1819 250 1892 qui
272 1818 394 1895 plenum
414 1819 572 1893 scholium,
593 1819 693 1895 glossa
711 1819 799 1894 plane
819 1820 928 1879 omissa
948 1820 993 1878 est
1012 1811 1071 1897 (ta

59 1906 231 1981 saepissime
249 1900 323 1987 K⁸);
342 1907 388 1966 sin
407 1911 507 1966 autem
525 1908 669 1967 scholium
690 1909 727 1967 ab
746 1927 781 1967 eo
800 1908 886 1981 libro,
905 1909 953 1966 cui
971 1908 1071 1985 glossa

58 1992 191 2069 debetur,
210 1996 339 2055 alienum
358 2000 411 2072 est,
430 1997 462 2054 11
481 1997 674 2056 adnotatione
693 1998 797 2055 critica
811 1996 922 2054 scholio
936 1996 1071 2055 subiecta

58 2082 188 2160 glossam
208 2087 443 2144 commemoravi.
476 2086 511 2144 de
528 2086 651 2161 reliquis
666 2085 772 2163 glossis
787 2084 880 2160 selegi
894 2086 1021 2142 maiores
1041 2088 1071 2144 et

59 2172 221 2248 graviores,
238 2175 414 2250 praesertim
433 2176 459 2233 si
478 2175 676 2250 complurium
690 2174 833 2232 librorum
848 2191 1016 2232 communes
1032 2175 1069 2234 ad

59 2260 193 2319 familiae
216 2265 410 2340 archetypum
433 2263 529 2322 redire
551 2263 703 2339 videntur,
727 2263 821 2322 abieci
844 2265 948 2322 inanes
968 2265 997 2320 et
1015 2263 1070 2321 mi-

59 2349 159 2424 nutas,
183 2351 327 2429 imprimis
353 2353 517 2429 permultas
542 2353 620 2428 illas,
647 2372 722 2428 quae
748 2353 873 2430 singulis
897 2351 995 2411 verbis
1019 2353 1069 2411 ad·

58 2437 186 2516 scriptae
210 2442 247 2499 ad
269 2443 397 2501 formam
415 2443 641 2519 grammaticam
660 2445 755 2520 magis
775 2462 866 2518 quam
885 2442 923 2502 ad
940 2461 1004 2500 rem
1023 2461 1070 2500 er-

57 2525 228 2604 plicandam
251 2534 384 2606 spectare
408 2532 512 2591 solent.
545 2536 673 2590 ceterum
697 2551 812 2604 vereor,
840 2534 928 2589 utin
952 2551 983 2589 re
1006 2535 1070 2591 tam

58 2615 163 2676 subtili
182 2618 418 2680 administranda
436 2621 546 2697 ubique
565 2621 638 2679 mihi
657 2621 848 2680 constiterim.

125 2706 225 2766 Verba
241 2709 308 2783 illa,
333 2729 407 2784 quae
426 2729 486 2768 non
506 2710 544 2768 ad
561 2710 627 2785 ipsa
646 2711 759 2770 scholia
777 2711 940 2786 pertinent,
959 2707 1010 2767 sed
1031 2709 1168 2767 adhaec

58 2794 256 2874 disiungenda
278 2798 391 2863 scholia
413 2798 530 2859 diversa
552 2797 1069 2874 111111111111111111111111111111·

57 2885 117 2958 tur,
135 2885 220 2944 velut
232 2881 356 2962 ἄλλως,
374 2884 409 2965 ἤ,
427 2885 447 2965 ἢ
464 2885 587 2963 ἄλλως,
607 2890 726 2947 omnino
740 2887 936 2964 praetermisi.
964 2889 1069 2945 notan·

58 2972 130 3031 dum
153 2993 223 3033 vero
247 2977 292 3034 111
314 2964 360 3036 his
382 2979 497 3037 voculis
521 2997 555 3037 ea
578 2977 767 3054 potissimum
791 2975 904 3035 scholia
927 2978 1069 3052 separari,

58 3080 134 3137 quae
155 3063 212 3122 1111
231 3066 385 3124 sententiis
405 3070 571 3144 congruant
589 3067 686 3138 uerbis
705 3069 806 3125 tamen
825 3065 1007 3142 discrepant,
1024 3067 1069 3123 ita

57 3152 93 3208 ut
114 3151 207 3210 variis
231 3155 372 3230 exemplis
395 3153 495 3214 deberi
517 3155 688 3231 videantur3
711 3151 805 3226 ἄλλως
822 3153 901 3213 idem
921 3152 1070 3230 significat

58 3240 150 3315 atque
169 3238 201 3299 ἐν
219 3237 297 3326 turp
316 3235 392 3324 (scil.
412 3240 582 3327 ἀντιγράφῳ
597 3236 708 3324 εὗρον),
727 3243 806 3321 quod
822 3243 983 3319 Gallierges
996 3261 1069 3300 non·

57 3345 212 3404 nunquam
229 3334 428 3408 praeoptavit.

126 3415 293 3478 Ordinem
310 3421 486 3481 scholiorum
502 3425 532 3481 et
545 3422 712 3500 glossarum
724 3423 769 3480 ita
784 3421 934 3495 constitui,
954 3423 987 3479 ut
1001 3438 1068 3479 cum
1077 3430 1138 3472 Ordo

58 3508 165 3580 poetae
187 3507 282 3584 ipsius
304 3510 401 3569 verbis
424 3529 514 3587 quam
537 3511 759 3570 accuratissime
783 3511 967 3587 congrueret.
1003 3527 1070 3568 cum
