2438 3870
134 107 200 175 280
455 107 568 163 Scholia
586 107 611 162 11
625 108 827 172 ish-tbiwa

68 282 125 329 λλΕΑ
201 277 229 336 b.
261 274 343 357 μέχρι
376 285 464 356 τριῶν
491 283 577 336 τοῦτο
606 273 697 337 ἐποίει
725 275 773 335 διὰ
799 276 831 336 τὸ
857 273 966 338 τέλειον
995 270 1071 336 εἶναι
1099 275 1152 338 ιδν

135 372 266 455 ἀριδμδν
284 383 343 439 τῶν
361 382 458 452 τριῶν.

70 477 127 524 ΚΕΛ
204 466 307 552 45146
320 491 346 530 a.
369 471 497 534 τόσσον
520 469 605 550 ἔχοις
632 469 746 548 Θησεὺς
765 469 899 551 ἁρπάσας
915 463 1076 550 Ἀριάδνην
1096 470 1154 551 τὴν

136 570 265 642 Μίνωος
292 567 343 629 nai
369 567 484 649 ἀπάρας
509 567 551 640 εἰς
576 569 654 628 Δίαν
679 577 773 646 νῆσον
798 566 853 645 τὴν
880 578 937 629 νῦν
965 567 1154 648 καλουμένην

136 667 255 745 Νάξον,
279 665 354 728 κατὰ
372 666 524 727 Διονύσου
542 667 686 745 βούλησιν
704 665 786 749 λήθη
804 664 863 726 τινλ
880 667 1063 747 χρησάμενος
1081 664 1154 728 ἀπό·
1182 685 1195 728 ι

136 769 221 825 λιπεν
239 765 334 843 αὐτὴν
352 765 571 825 καθεύδουσαν,

204 864 231 922 b.
255 862 361 924 πολλαὶ
384 860 416 924 δι’
438 863 493 923 εἰσι
515 871 603 940 νῆσοι
621 867 692 922 Δῐαι
715 862 909 941 καλούμεναι,
934 862 954 940 ἥ
977 883 1006 921 τε
1025 860 1083 942 πρὸ
1102 870 1156 941 τῆς

137 960 270 1040 Κρήτης,
289 954 325 1022 οὗ
344 960 422 1032 εἰκὸς
441 961 593 1039 συμβῆναι
606 958 641 1019 τδι
655 958 721 1040 περὶ
734 959 789 1038 τὴν
801 953 969 1039 Ἀριάδνην,
988 958 1037 1019 καλ
1051 956 1070 1036 η
1086 955 1152 1021 ὀνο·

139 1064 287 1136 μασθεῖσα
305 1059 407 1132 Νάξος
425 1057 475 1118 καλ
493 1054 512 1135 ἡ
532 1056 598 1137 περὶ
617 1061 729 1136 Μῆλον
752 1056 802 1117 καὶ
821 1054 840 1135 ἡ
859 1056 926 1139 περλ
944 1055 1086 1137 Ἀμοργὸν
1105 1055 1156 1117 καὶ

139 1152 158 1234 ἡ
177 1165 230 1234 της
248 1154 316 1216 Κέω
334 1156 510 1236 χερρόνησος
528 1154 577 1215 καλ
596 1152 615 1233 ἡ
635 1164 687 1233 τῆς
707 1155 949 1232 Πελοποννήσου.
1172 1175 1198 1216 ιο

208 1248 349 1334 481492.
374 1250 573 1331 ἱππομανὲς
592 1252 719 1330 φυνόνι
743 1252 809 1314 οὔτε
824 1253 921 1331 φυτόν
940 1252 1018 1314 ἐστιν
1038 1246 1101 1313 οὔτ’
1122 1251 1157 1314 ἐν

70 1387 73 1392 -
139 1344 280 1435 Ἀρυαδίηι
302 1350 473 1432 γινόμενον,
497 1349 569 1410 άλλά
592 1351 624 1411 τὸ
648 1349 850 1429 ἐπιφυόμενον
873 1357 936 1424 τοῖς
954 1351 1063 1424 πώλοις
1081 1349 1157 1411 κατὰ

213 1559 225 1600 2
246 1548 342 1617 smeph
357 1548 421 1617 Byr.
437 1545 507 1601 Δία
527 1546 628 1603 Δία..
644 1557 755 1638 ,νησος
773 1550 821 1602 καλ
840 1547 920 1610 πόλις
939 1548 1157 1638 Πελοποννήρου

140 1621 204 1686 περὶ
227 1620 258 1673 τὸ
278 1620 482 1672 Σκύλλαιον.
500 1619 578 1673 ,ελσλ
602 1590 700 1674 καλδ
720 1629 800 1688 νῆσοι
818 1626 887 1674 Δῖαι
905 1619 1062 1709 λεγόμεναι·
1088 1641 1106 1672 α
1111 1618 1157 1688 ’ἡ

141 1691 249 1754 Νάξος,
278 1689 306 1758 β
332 1689 443 1758 ἡπρδς
466 1689 554 1761 Μήλῳ
583 1690 706 1758 (Βοιλιολ,
734 1691 850 1760 Μιλήτῳ
874 1691 950 1759 libri)
940 1694 1008 1760 ),y
1015 1690 1159 1760 ’ἡπρδς

138 1761 259 1833 Ἀμοργῶ
274 1761 453 1830 (Holstenius
469 1747 649 1833 Σαμόσσῷλλ,
664 1764 818 1832 Σαρμοσσῷ
832 1762 907 1831 Av),
926 1761 955 1816 δ
971 1761 1043 1816 κατὰ
1062 1766 1159 1816 Κνωσ-

143 1833 191 1887 σὸν
210 1831 328 1901 Κρήτης
415 1843 442 1884 11
461 1832 534 1886 Serv.
549 1815 632 1903 Ve'rg.
649 1832 746 1902 Georg.
763 1817 807 1885 ΙΙΙ
816 1838 881 1887 280:
902 1835 955 1886 scit
974 1833 1079 1887 lectum
1097 1849 1158 1888 osso

143 1904 218 1974 apud
237 1903 415 1957 Theocritum
434 1903 597 1971 (Hesiodum
616 1905 703 1970 codd,
721 1922 789 1959 coir.
805 1906 975 1975 Μααουηυλι,
995 1907 1029 1972 cf.
1039 1905 1160 1960 Hesiodi

142 1977 207 2047 sym.
222 1979 279 2031 232
293 1977 400 2040 Νιααλι,
418 1977 459 2030 ed.
474 1995 499 2030 a.
516 1979 601 2041 1902,
610 1977 679 2066 403)
698 1975 815 2030 herbam
834 1991 895 2058 osse
914 1977 1065 2057 quandam,
1085 1991 1159 2044 quas

142 2048 326 2116 hippomanes
355 2049 470 2101 vocatur
499 2045 579 2114 quasi
608 2045 696 2101 ιππου
721 2045 820 2114 posim
851 2047 874 2100 si
898 2047 973 2100 enim
997 2063 1056 2100 eam
1083 2063 1159 2101 com-

143 2120 253 2173 ederint
267 2118 345 2186 equi
365 2118 456 2171 furore
476 2119 649 2186 quatiuntur.
682 2119 756 2171 unde
775 2136 848 2172 nunc
868 2118 995 2172 adiecit‘
1000 2135 1063 2172 vero
1082 2119 1159 2187 qnod

142 2191 255 2244 nomine
280 2191 403 2255 droant,
427 2206 492 2242 nam
516 2189 576 2242 vuit
598 2189 677 2242 iilam
701 2190 817 2242 herbam
840 2189 953 2244 abusive
972 2190 1159 2259 hippomanes

144 2262 262 2326 dictam,
286 2261 361 2329 quod
384 2261 494 2329 possint
517 2262 583 2328 oqui
606 2263 696 2314 furere
722 2260 827 2315 atalia
847 2277 1021 2330 quacumque
1040 2261 1160 2318 rationes

143 2350 173 2386 re
196 2349 262 2385 vera
286 2335 381 2385 autem
403 2332 588 2400 hippomanes
612 2333 681 2384 dicit
705 2349 765 2386 esse
784 2332 858 2385 virus
878 2331 1001 2385 defluens
1021 2348 1054 2386 ex
1073 2349 1159 2401 equa·

144 2421 206 2455 rum
224 2403 388 2470 inguinibus
408 2420 462 2470 quo
482 2406 608 2470 tempore
622 2403 748 2456 feruntur
762 2403 864 2457 amoris
878 2404 978 2469 furore,
998 2407 1030 2456 ut
1044 2403 1082 2456 sit
1096 2402 1160 2472 hip-

145 2490 277 2542 pomanes
302 2474 375 2525 virus
399 2476 497 2526 natum
516 2474 572 2527 άπδ
591 2482 640 2542 τῆς
659 2473 761 2542 μανίας
778 2483 827 2543 τῆς
846 2473 941 2528 ἵππου.
975 2475 1074 2544 quibus
1092 2474 1159 2530 add.

144 2545 291 2599 scholiasta
309 2546 453 2597 Danielis:
475 2545 548 2598 ‘voro
568 2545 691 2598 nomine’
712 2547 845 2612 quoniam
860 2545 1024 2600 Theocritus
1042 2545 1161 2600 herbam

146 2615 217 2669 dicit
243 2615 321 2668 nasci
350 2615 379 2666 in
403 2615 536 2679 Arcadia,
561 2633 617 2682 qua
641 2618 753 2685 gustata
782 2633 870 2684 equae
894 2616 922 2669 in
945 2617 1093 2670 libidinem
1117 2634 1160 2671 ar·

146 2688 271 2751 descunt,
291 2689 319 2739 et
333 2686 541 2753 Theophrastus
561 2690 595 2754 (v,
611 2690 706 2755 supra)
720 2687 899 2741 carunculam
914 2689 943 2740 in
956 2688 1048 2742 fronte
1063 2687 1160 2756 equini

145 2757 225 2827 pulli.
280 2757 361 2809 Proh.
377 2758 460 2825 Vorg.
476 2756 574 2825 Georg.
590 2757 628 2810 111
642 2763 693 2809 282
749 2758 822 2811 Serv.
835 2758 919 2827 Vorg.
934 2760 1002 2813 Aen.
1019 2759 1056 2812 IV
1071 2765 1124 2814 516

146 2829 252 2883 Aelian.
263 2829 327 2882 Nat.
339 2845 382 2882 an.
393 2828 457 2881 XIV
471 2833 504 2881 18
557 2828 628 2882 Plin.
640 2829 709 2882 Hist.
720 2832 776 2882 nat.
788 2829 851 2883 VIII
863 2835 927 2896 1653
945 2829 1123 2884 XXVHI181

146 2901 266 2969 Hesych.
281 2901 359 2953 Phot.
376 2900 451 2952 Suid.
467 2899 623 2966 λππομανές
695 2900 730 2954 of.
748 2901 779 2954 A.
795 2900 902 2955 Thiekc
921 2902 976 2956 Die
996 2905 1031 2970 (i)
1050 2903 1160 2972 Hippo

146 2990 239 3026 πονοι
258 2973 303 3026 des
322 2972 446 3038 Pscrdcs,
464 2972 540 3025 Diss.
555 2977 596 3025 oct
586 2972 685 3025 ι..-υιαά
703 2973 774 3026 Giss
790 2977 860 3026 1911

218 3142 229 3182 1
241 3130 326 3220 μέχρι
349 3128 445 3197 τρίτου
467 3131 574 3184 Ahrons
630 3126 703 3185 εἶναι
726 3132 839 3200 scripsi.
863 3133 912 3185 κοιλ
935 3131 984 3186 διδι
1003 3132 1083 3186 codd
1111 3134 1161 3187 καλ

70 3222 75 3231 ·
147 3199 427 3299 δυνατδνάριθμοῦ
424 3222 473 3257 του
488 3223 581 3270 τριτον
596 3204 811 3272 (τρεῑςΑλιιοιιε)
826 3203 897 3258 coni.
903 3203 982 3295 τ[δυο]
1040 3210 1162 3273 iabou!

148 3292 200 3328 om
216 3280 239 3325 Κ
312 3273 427 3326 λ”καλ
410 3293 501 3340 ιτεραι
518 3277 599 3398 postt
602 3273 632 3328 δὲ
650 3274 714 3327 add
729 3280 777 3326 ΕΔ
849 3270 916 3328 8ου
931 3275 1052 3329 Ahrens:
1073 3275 1161 3338 bsx:

148 3348 178 3400 ἐν
197 3342 242 3406 αἶς
260 3344 311 3398 οὐκ
331 3346 394 3397 cett
450 3344 521 3414 μόνη
535 3348 599 3413 pos
613 3347 691 3415 συμβ.
707 3346 770 3400 add
781 3351 830 3397 ΕΔ
886 3345 963 3413 ὀνομ.
978 3353 1013 3399 K:
1032 3365 1160 3416 μετονομ

149 3419 211 3470 cett.
267 3426 295 3468 10
313 3414 378 3470 Νέω
398 3417 567 3504 χερρονήσοη
582 3423 606 3468 Κ
641 3423 690 3484 τῆς
709 3419 773 3471 ante
787 3420 891 3472 Πιλοπ.
911 3433 963 3470 om
979 3424 1002 3469 l(
1056 3429 1081 3469 ιι
1097 3416 1166 3477 οὔτε

150 3510 179 3556 φ.
200 3487 272 3541 ἐστιν
266 3504 343 3540 οιιι,
359 3494 382 3538 Κ
454 3497 481 3539 12
500 3485 648 3556 γινόμειον
666 3493 728 3541 EA:
749 3485 891 3556 φυόμενον
909 3494 933 3540 K
