<?xml version="1.0" encoding="UTF-8"?>
<!DOCTYPE html PUBLIC "-//W3C//DTD XHTML 1.0 Transitional//EN"
    "http://www.w3.org/TR/xhtml1/DTD/xhtml1-transitional.dtd">
<html xmlns="http://www.w3.org/1999/xhtml" xml:lang="en" lang="en">
 <head>
  <title>
</title>
<meta http-equiv="Content-Type" content="text/html;charset=utf-8" />
  <meta name='ocr-system' content='tesseract 3.04.00' />
  <meta name='ocr-capabilities' content='ocr_page ocr_carea ocr_par ocr_line ocrx_word'/>
</head>
<body>
  <div class='ocr_page' id='page_1' title='image "./scholiaintheocr00wendgoog_0035.png"; bbox 0 0 2438 3870; ppageno 0'>
   <div class='ocr_carea' id='block_1_1' title="bbox 489 121 1091 205">
    <p class='ocr_par' dir='ltr' id='par_1_1' title="bbox 489 121 1091 205">
     <span class='ocr_line' id='line_1_1' title="bbox 489 121 1091 205; baseline -0.002 -23"><span class='ocrx_word' id='word_1_1' title='bbox 489 121 627 183; x_wconf 69' lang='lat' dir='ltr'>Praefatio</span> <span class='ocrx_word' id='word_1_2' title='bbox 647 128 671 182; x_wconf 84' lang='lat' dir='ltr'><strong>v</strong></span> <span class='ocrx_word' id='word_1_3' title='bbox 982 126 1091 205; x_wconf 36' lang='lat' dir='ltr'>‚xxxi</span> 
     </span>
    </p>
   </div>
   <div class='ocr_carea' id='block_1_2' title="bbox 65 296 1185 2427">
    <p class='ocr_par' dir='ltr' id='par_1_2' title="bbox 65 296 1185 2427">
     <span class='ocr_line' id='line_1_2' title="bbox 78 296 1092 376; baseline -0.003 -18"><span class='ocrx_word' id='word_1_4' title='bbox 78 302 153 376; x_wconf 86' lang='lat' dir='ltr'>typo</span> <span class='ocrx_word' id='word_1_5' title='bbox 173 299 272 358; x_wconf 86' lang='lat' dir='ltr'>aliena</span> <span class='ocrx_word' id='word_1_6' title='bbox 287 317 354 358; x_wconf 58' lang='lat' dir='ltr'>&gt;esse</span> <span class='ocrx_word' id='word_1_7' title='bbox 373 297 558 358; x_wconf 84' lang='lat' dir='ltr'>videbantur.</span> <span class='ocrx_word' id='word_1_8' title='bbox 587 317 714 374; x_wconf 87' lang='lat' dir='ltr'>quorum</span> <span class='ocrx_word' id='word_1_9' title='bbox 733 299 852 374; x_wconf 87' lang='lat' dir='ltr'>signum</span> <span class='ocrx_word' id='word_1_10' title='bbox 866 298 950 355; x_wconf 91' lang='lat' dir='ltr'>uncis</span> <span class='ocrx_word' id='word_1_11' title='bbox 966 296 1092 372; x_wconf 86' lang='lat' dir='ltr'>quadra·</span> 
     </span>
     <span class='ocr_line' id='line_1_3' title="bbox 78 382 1091 467; baseline -0.005 -19"><span class='ocrx_word' id='word_1_12' title='bbox 78 390 118 448; x_wconf 85' lang='lat' dir='ltr'>tis</span> <span class='ocrx_word' id='word_1_13' title='bbox 137 388 256 463; x_wconf 88' lang='lat' dir='ltr'>inclusi,</span> <span class='ocrx_word' id='word_1_14' title='bbox 274 389 357 447; x_wconf 86' lang='lat' dir='ltr'>velut</span> <span class='ocrx_word' id='word_1_15' title='bbox 377 382 481 467; x_wconf 61' lang='lat' dir='ltr'>[lia]</span> <span class='ocrx_word' id='word_1_16' title='bbox 514 391 615 447; x_wconf 89' lang='lat' dir='ltr'>tamen</span> <span class='ocrx_word' id='word_1_17' title='bbox 634 387 665 445; x_wconf 92' lang='lat' dir='ltr'>in</span> <span class='ocrx_word' id='word_1_18' title='bbox 684 407 715 446; x_wconf 93' lang='lat' dir='ltr'>re</span> <span class='ocrx_word' id='word_1_19' title='bbox 733 385 848 445; x_wconf 91' lang='lat' dir='ltr'>lubrica</span> <span class='ocrx_word' id='word_1_20' title='bbox 868 386 983 445; x_wconf 76' lang='lat' dir='ltr'><strong>cautior</strong></span> <span class='ocrx_word' id='word_1_21' title='bbox 1002 404 1091 460; x_wconf 91' lang='lat' dir='ltr'>quam</span> 
     </span>
     <span class='ocr_line' id='line_1_4' title="bbox 79 476 715 554; baseline -0.008 -17"><span class='ocrx_word' id='word_1_22' title='bbox 79 478 222 537; x_wconf 75' lang='lat' dir='ltr'>audacior</span> <span class='ocrx_word' id='word_1_23' title='bbox 240 496 302 538; x_wconf 90' lang='lat' dir='ltr'>ease</span> <span class='ocrx_word' id='word_1_24' title='bbox 320 476 424 543; x_wconf 81' lang='lat' dir='ltr'>malui.</span> <span class='ocrx_word' id='word_1_25' title='bbox 703 531 715 554; x_wconf 86' lang='lat'><strong>.</strong></span> 
     </span>
     <span class='ocr_line' id='line_1_5' title="bbox 87 559 1185 657; baseline -0.005 -31"><span class='ocrx_word' id='word_1_26' title='bbox 87 595 89 598; x_wconf 95' lang='lat'>·</span> <span class='ocrx_word' id='word_1_27' title='bbox 147 566 273 626; x_wconf 86' lang='lat' dir='ltr'>Scholiis</span> <span class='ocrx_word' id='word_1_28' title='bbox 300 566 428 625; x_wconf 83' lang='lat' dir='ltr'>subiecti</span> <span class='ocrx_word' id='word_1_29' title='bbox 456 569 525 625; x_wconf 89' lang='lat' dir='ltr'>sunt</span> <span class='ocrx_word' id='word_1_30' title='bbox 552 567 631 625; x_wconf 90' lang='lat' dir='ltr'>loci</span> <span class='ocrx_word' id='word_1_31' title='bbox 659 566 824 641; x_wconf 90' lang='lat' dir='ltr'>similes,</span> <span class='ocrx_word' id='word_1_32' title='bbox 857 583 931 641; x_wconf 91' lang='lat' dir='ltr'>quos</span> <span class='ocrx_word' id='word_1_33' title='bbox 959 583 994 622; x_wconf 82' lang='lat' dir='ltr'>ex</span> <span class='ocrx_word' id='word_1_34' title='bbox 1021 559 1185 657; x_wconf 49' lang='lat' dir='ltr'>anisam.</span> 
     </span>
     <span class='ocr_line' id='line_1_6' title="bbox 80 653 1089 733; baseline -0.004 -17"><span class='ocrx_word' id='word_1_35' title='bbox 80 656 282 733; x_wconf 71' lang='lat' dir='ltr'>scriptoribus,</span> <span class='ocrx_word' id='word_1_36' title='bbox 299 655 411 730; x_wconf 82' lang='lat' dir='ltr'>lexicis,</span> <span class='ocrx_word' id='word_1_37' title='bbox 431 656 551 715; x_wconf 85' lang='lat' dir='ltr'>scholiis</span> <span class='ocrx_word' id='word_1_38' title='bbox 568 674 628 714; x_wconf 90' lang='lat' dir='ltr'>non</span> <span class='ocrx_word' id='word_1_39' title='bbox 647 657 711 714; x_wconf 88' lang='lat' dir='ltr'>sine</span> <span class='ocrx_word' id='word_1_40' title='bbox 724 655 826 714; x_wconf 89' lang='lat' dir='ltr'>labore</span> <span class='ocrx_word' id='word_1_41' title='bbox 840 654 981 731; x_wconf 77' lang='lat' dir='ltr'>congessi.</span> <span class='ocrx_word' id='word_1_42' title='bbox 1002 653 1089 712; x_wconf 91' lang='lat' dir='ltr'>modo</span> 
     </span>
     <span class='ocr_line' id='line_1_7' title="bbox 78 742 1091 805; baseline -0.003 -1"><span class='ocrx_word' id='word_1_43' title='bbox 78 765 116 804; x_wconf 88' lang='lat' dir='ltr'>na</span> <span class='ocrx_word' id='word_1_44' title='bbox 139 745 241 805; x_wconf 89' lang='lat' dir='ltr'>credas</span> <span class='ocrx_word' id='word_1_45' title='bbox 266 765 314 804; x_wconf 93' lang='lat' dir='ltr'>me</span> <span class='ocrx_word' id='word_1_46' title='bbox 336 745 391 803; x_wconf 90' lang='lat' dir='ltr'>hos</span> <span class='ocrx_word' id='word_1_47' title='bbox 413 745 493 803; x_wconf 91' lang='lat' dir='ltr'>locos</span> <span class='ocrx_word' id='word_1_48' title='bbox 517 763 617 803; x_wconf 91' lang='lat' dir='ltr'>omnes</span> <span class='ocrx_word' id='word_1_49' title='bbox 641 764 657 803; x_wconf 88' lang='lat' dir='ltr'>e</span> <span class='ocrx_word' id='word_1_50' title='bbox 680 745 799 803; x_wconf 87' lang='lat' dir='ltr'>scholiis</span> <span class='ocrx_word' id='word_1_51' title='bbox 823 743 1007 802; x_wconf 85' lang='lat' dir='ltr'>Theocriteis</span> <span class='ocrx_word' id='word_1_52' title='bbox 1030 742 1091 802; x_wconf 86' lang='lat' dir='ltr'>sive</span> 
     </span>
     <span class='ocr_line' id='line_1_8' title="bbox 80 832 1092 911; baseline -0.002 -19"><span class='ocrx_word' id='word_1_53' title='bbox 80 835 242 911; x_wconf 76' lang='lat' dir='ltr'>deperditis</span> <span class='ocrx_word' id='word_1_54' title='bbox 266 836 328 893; x_wconf 86' lang='lat' dir='ltr'>sive</span> <span class='ocrx_word' id='word_1_55' title='bbox 352 835 478 893; x_wconf 84' lang='lat' dir='ltr'>servatis</span> <span class='ocrx_word' id='word_1_56' title='bbox 502 833 606 892; x_wconf 89' lang='lat' dir='ltr'>ducere</span> <span class='ocrx_word' id='word_1_57' title='bbox 630 833 767 894; x_wconf 88' lang='lat' dir='ltr'>voluisse.</span> <span class='ocrx_word' id='word_1_58' title='bbox 801 833 892 891; x_wconf 90' lang='lat' dir='ltr'>immo</span> <span class='ocrx_word' id='word_1_59' title='bbox 916 833 1017 907; x_wconf 90' lang='lat' dir='ltr'>quiin</span> <span class='ocrx_word' id='word_1_60' title='bbox 1036 832 1092 890; x_wconf 94' lang='lat' dir='ltr'>hoc</span> 
     </span>
     <span class='ocr_line' id='line_1_9' title="bbox 79 922 1092 1000; baseline -0.002 -19"><span class='ocrx_word' id='word_1_61' title='bbox 79 924 249 994; x_wconf 89' lang='lat' dir='ltr'>litterarum</span> <span class='ocrx_word' id='word_1_62' title='bbox 268 942 376 1000; x_wconf 82' lang='lat' dir='ltr'>genere</span> <span class='ocrx_word' id='word_1_63' title='bbox 392 925 504 982; x_wconf 83' lang='lat' dir='ltr'>versati</span> <span class='ocrx_word' id='word_1_64' title='bbox 517 925 587 982; x_wconf 90' lang='lat' dir='ltr'>sunt</span> <span class='ocrx_word' id='word_1_65' title='bbox 600 925 735 983; x_wconf 89' lang='lat' dir='ltr'>auctores</span> <span class='ocrx_word' id='word_1_66' title='bbox 749 924 868 999; x_wconf 78' lang='lat' dir='ltr'>antiqui</span> <span class='ocrx_word' id='word_1_67' title='bbox 882 922 926 980; x_wconf 84' lang='lat' dir='ltr'>ita</span> <span class='ocrx_word' id='word_1_68' title='bbox 940 940 1016 997; x_wconf 87' lang='lat' dir='ltr'>quae</span> <span class='ocrx_word' id='word_1_69' title='bbox 1030 924 1092 979; x_wconf 92' lang='lat' dir='ltr'>tra-</span> 
     </span>
     <span class='ocr_line' id='line_1_10' title="bbox 80 1011 1092 1089; baseline -0.002 -19"><span class='ocrx_word' id='word_1_70' title='bbox 80 1013 156 1072; x_wconf 86' lang='lat' dir='ltr'>dunt</span> <span class='ocrx_word' id='word_1_71' title='bbox 185 1013 262 1071; x_wconf 87' lang='lat' dir='ltr'>ultro</span> <span class='ocrx_word' id='word_1_72' title='bbox 288 1013 421 1088; x_wconf 90' lang='lat' dir='ltr'>citroque</span> <span class='ocrx_word' id='word_1_73' title='bbox 446 1011 592 1070; x_wconf 89' lang='lat' dir='ltr'>dederunt</span> <span class='ocrx_word' id='word_1_74' title='bbox 615 1015 645 1071; x_wconf 91' lang='lat' dir='ltr'>et</span> <span class='ocrx_word' id='word_1_75' title='bbox 668 1015 857 1089; x_wconf 89' lang='lat' dir='ltr'>acceperunt,</span> <span class='ocrx_word' id='word_1_76' title='bbox 885 1015 919 1070; x_wconf 92' lang='lat' dir='ltr'>ut</span> <span class='ocrx_word' id='word_1_77' title='bbox 941 1011 1092 1069; x_wconf 89' lang='lat' dir='ltr'>rarissime</span> 
     </span>
     <span class='ocr_line' id='line_1_11' title="bbox 80 1101 1091 1178; baseline -0.004 -17"><span class='ocrx_word' id='word_1_78' title='bbox 80 1103 161 1161; x_wconf 84' lang='lat' dir='ltr'>certo</span> <span class='ocrx_word' id='word_1_79' title='bbox 180 1101 297 1161; x_wconf 89' lang='lat' dir='ltr'>definiri</span> <span class='ocrx_word' id='word_1_80' title='bbox 315 1101 418 1178; x_wconf 87' lang='lat' dir='ltr'>possit,</span> <span class='ocrx_word' id='word_1_81' title='bbox 436 1105 539 1160; x_wconf 86' lang='lat' dir='ltr'>utrum</span> <span class='ocrx_word' id='word_1_82' title='bbox 557 1103 634 1160; x_wconf 89' lang='lat' dir='ltr'>alter</span> <span class='ocrx_word' id='word_1_83' title='bbox 647 1102 684 1160; x_wconf 88' lang='lat' dir='ltr'>ab</span> <span class='ocrx_word' id='word_1_84' title='bbox 700 1103 795 1160; x_wconf 86' lang='lat' dir='ltr'>altero</span> <span class='ocrx_word' id='word_1_85' title='bbox 809 1120 848 1159; x_wconf 90' lang='lat' dir='ltr'>an</span> <span class='ocrx_word' id='word_1_86' title='bbox 861 1104 986 1175; x_wconf 88' lang='lat' dir='ltr'>uterque</span> <span class='ocrx_word' id='word_1_87' title='bbox 1001 1118 1019 1157; x_wconf 98' lang='lat' dir='ltr'>a</span> <span class='ocrx_word' id='word_1_88' title='bbox 1033 1102 1091 1157; x_wconf 89' lang='lat' dir='ltr'>ter·</span> 
     </span>
     <span class='ocr_line' id='line_1_12' title="bbox 78 1188 1092 1266; baseline -0.004 -17"><span class='ocrx_word' id='word_1_89' title='bbox 78 1191 123 1251; x_wconf 90' lang='lat' dir='ltr'>tio</span> <span class='ocrx_word' id='word_1_90' title='bbox 147 1190 278 1266; x_wconf 91' lang='lat' dir='ltr'>quodam</span> <span class='ocrx_word' id='word_1_91' title='bbox 301 1191 468 1251; x_wconf 89' lang='lat' dir='ltr'>doctrinam</span> <span class='ocrx_word' id='word_1_92' title='bbox 491 1210 577 1250; x_wconf 90' lang='lat' dir='ltr'>suam</span> <span class='ocrx_word' id='word_1_93' title='bbox 599 1194 755 1250; x_wconf 88' lang='lat' dir='ltr'>mutuatus</span> <span class='ocrx_word' id='word_1_94' title='bbox 774 1193 822 1251; x_wconf 89' lang='lat' dir='ltr'>sit.</span> <span class='ocrx_word' id='word_1_95' title='bbox 856 1191 880 1250; x_wconf 90' lang='lat' dir='ltr'>si</span> <span class='ocrx_word' id='word_1_96' title='bbox 899 1192 952 1266; x_wconf 89' lang='lat' dir='ltr'>qui</span> <span class='ocrx_word' id='word_1_97' title='bbox 970 1188 1028 1249; x_wconf 93' lang='lat' dir='ltr'>loci</span> <span class='ocrx_word' id='word_1_98' title='bbox 1047 1208 1092 1246; x_wconf 89' lang='lat' dir='ltr'>ar·</span> 
     </span>
     <span class='ocr_line' id='line_1_13' title="bbox 76 1277 1092 1354; baseline -0.004 -16"><span class='ocrx_word' id='word_1_99' title='bbox 76 1281 157 1338; x_wconf 63' lang='lat' dir='ltr'>,tiore</span> <span class='ocrx_word' id='word_1_100' title='bbox 181 1281 407 1354; x_wconf 75' lang='lat' dir='ltr'>propinquitate</span> <span class='ocrx_word' id='word_1_101' title='bbox 430 1299 496 1339; x_wconf 91' lang='lat' dir='ltr'>curn</span> <span class='ocrx_word' id='word_1_102' title='bbox 519 1281 640 1340; x_wconf 89' lang='lat' dir='ltr'>scholiis</span> <span class='ocrx_word' id='word_1_103' title='bbox 663 1281 813 1340; x_wconf 85' lang='lat' dir='ltr'>coniuncti</span> <span class='ocrx_word' id='word_1_104' title='bbox 836 1279 1027 1352; x_wconf 86' lang='lat' dir='ltr'>videbantur,</span> <span class='ocrx_word' id='word_1_105' title='bbox 1055 1277 1092 1334; x_wconf 92' lang='lat' dir='ltr'>ad</span> 
     </span>
     <span class='ocr_line' id='line_1_14' title="bbox 83 1363 1092 1444; baseline -0.001 -18"><span class='ocrx_word' id='word_1_106' title='bbox 83 1367 207 1426; x_wconf 85' lang='lat' dir='ltr'>verbum</span> <span class='ocrx_word' id='word_1_107' title='bbox 225 1363 409 1444; x_wconf 84' lang='lat' dir='ltr'>transcripsi,</span> <span class='ocrx_word' id='word_1_108' title='bbox 427 1387 493 1428; x_wconf 87' lang='lat' dir='ltr'>cum</span> <span class='ocrx_word' id='word_1_109' title='bbox 512 1373 624 1429; x_wconf 88' lang='lat' dir='ltr'>ceteros</span> <span class='ocrx_word' id='word_1_110' title='bbox 643 1373 761 1428; x_wconf 89' lang='lat' dir='ltr'>tantum</span> <span class='ocrx_word' id='word_1_111' title='bbox 775 1371 972 1443; x_wconf 79' lang='lat' dir='ltr'>nominarem3</span> <span class='ocrx_word' id='word_1_112' title='bbox 991 1367 1042 1426; x_wconf 86' lang='lat' dir='ltr'>sed</span> <span class='ocrx_word' id='word_1_113' title='bbox 1056 1386 1092 1425; x_wconf 90' lang='lat' dir='ltr'>ne</span> 
     </span>
     <span class='ocr_line' id='line_1_15' title="bbox 81 1454 1092 1536; baseline 0 -22"><span class='ocrx_word' id='word_1_114' title='bbox 81 1457 137 1514; x_wconf 90' lang='lat' dir='ltr'>hos</span> <span class='ocrx_word' id='word_1_115' title='bbox 165 1454 286 1532; x_wconf 91' lang='lat' dir='ltr'>quidem</span> <span class='ocrx_word' id='word_1_116' title='bbox 313 1456 351 1532; x_wconf 89' lang='lat' dir='ltr'>ad</span> <span class='ocrx_word' id='word_1_117' title='bbox 369 1458 481 1522; x_wconf 88' lang='lat' dir='ltr'>scholia</span> <span class='ocrx_word' id='word_1_118' title='bbox 508 1459 684 1536; x_wconf 85' lang='lat' dir='ltr'>explicanda</span> <span class='ocrx_word' id='word_1_119' title='bbox 712 1462 741 1518; x_wconf 90' lang='lat' dir='ltr'>et</span> <span class='ocrx_word' id='word_1_120' title='bbox 764 1458 948 1517; x_wconf 89' lang='lat' dir='ltr'>emendanda</span> <span class='ocrx_word' id='word_1_121' title='bbox 971 1456 1092 1515; x_wconf 87' lang='lat' dir='ltr'>inutiles</span> 
     </span>
     <span class='ocr_line' id='line_1_16' title="bbox 65 1544 1093 1608; baseline 0 -6"><span class='ocrx_word' id='word_1_122' title='bbox 65 1544 145 1604; x_wconf 73' lang='lat' dir='ltr'>iore</span> <span class='ocrx_word' id='word_1_123' title='bbox 171 1544 300 1605; x_wconf 55' lang='lat' dir='ltr'>confido,</span> <span class='ocrx_word' id='word_1_124' title='bbox 326 1564 398 1605; x_wconf 87' lang='lat' dir='ltr'>oum</span> <span class='ocrx_word' id='word_1_125' title='bbox 425 1547 505 1606; x_wconf 91' lang='lat' dir='ltr'>locos</span> <span class='ocrx_word' id='word_1_126' title='bbox 534 1549 640 1608; x_wconf 89' lang='lat' dir='ltr'>scholii</span> <span class='ocrx_word' id='word_1_127' title='bbox 666 1548 821 1607; x_wconf 89' lang='lat' dir='ltr'>cuiusdam</span> <span class='ocrx_word' id='word_1_128' title='bbox 844 1547 956 1606; x_wconf 88' lang='lat' dir='ltr'>similes</span> <span class='ocrx_word' id='word_1_129' title='bbox 978 1547 1038 1604; x_wconf 90' lang='lat' dir='ltr'>iam</span> <span class='ocrx_word' id='word_1_130' title='bbox 1061 1547 1093 1602; x_wconf 91' lang='lat' dir='ltr'>in</span> 
     </span>
     <span class='ocr_line' id='line_1_17' title="bbox 81 1634 1093 1712; baseline -0.001 -20"><span class='ocrx_word' id='word_1_131' title='bbox 81 1634 171 1710; x_wconf 90' lang='lat' dir='ltr'>libro,</span> <span class='ocrx_word' id='word_1_132' title='bbox 200 1638 251 1710; x_wconf 92' lang='lat' dir='ltr'>qui</span> <span class='ocrx_word' id='word_1_133' title='bbox 274 1635 377 1695; x_wconf 88' lang='lat' dir='ltr'>multis</span> <span class='ocrx_word' id='word_1_134' title='bbox 400 1655 472 1712; x_wconf 90' lang='lat' dir='ltr'>prae</span> <span class='ocrx_word' id='word_1_135' title='bbox 495 1638 633 1696; x_wconf 91' lang='lat' dir='ltr'>manibus</span> <span class='ocrx_word' id='word_1_136' title='bbox 657 1641 715 1711; x_wconf 91' lang='lat' dir='ltr'>est,</span> <span class='ocrx_word' id='word_1_137' title='bbox 743 1638 882 1696; x_wconf 90' lang='lat' dir='ltr'>collectos</span> <span class='ocrx_word' id='word_1_138' title='bbox 900 1634 1093 1712; x_wconf 83' lang='lat' dir='ltr'>reperiebam,</span> 
     </span>
     <span class='ocr_line' id='line_1_18' title="bbox 80 1723 1094 1803; baseline -0.001 -22"><span class='ocrx_word' id='word_1_139' title='bbox 80 1724 158 1782; x_wconf 87' lang='lat' dir='ltr'>hunc</span> <span class='ocrx_word' id='word_1_140' title='bbox 181 1723 319 1784; x_wconf 84' lang='lat' dir='ltr'>laudasse</span> <span class='ocrx_word' id='word_1_141' title='bbox 342 1727 415 1784; x_wconf 88' lang='lat' dir='ltr'>satis</span> <span class='ocrx_word' id='word_1_142' title='bbox 438 1726 543 1801; x_wconf 90' lang='lat' dir='ltr'>habui,</span> <span class='ocrx_word' id='word_1_143' title='bbox 566 1727 649 1785; x_wconf 87' lang='lat' dir='ltr'>velut</span> <span class='ocrx_word' id='word_1_144' title='bbox 667 1746 791 1802; x_wconf 87' lang='lat' dir='ltr'>corpora</span> <span class='ocrx_word' id='word_1_145' title='bbox 809 1726 1045 1803; x_wconf 84' lang='lat' dir='ltr'>fragmentorum</span> <span class='ocrx_word' id='word_1_146' title='bbox 1063 1725 1094 1780; x_wconf 90' lang='lat' dir='ltr'>et</span> 
     </span>
     <span class='ocr_line' id='line_1_19' title="bbox 80 1813 1092 1890; baseline -0.003 -19"><span class='ocrx_word' id='word_1_147' title='bbox 80 1813 423 1890; x_wconf 87' lang='lat' dir='ltr'>paroemiographorum,</span> <span class='ocrx_word' id='word_1_148' title='bbox 435 1815 576 1875; x_wconf 83' lang='lat' dir='ltr'>Ahrensii</span> <span class='ocrx_word' id='word_1_149' title='bbox 588 1817 696 1875; x_wconf 87' lang='lat' dir='ltr'>librum</span> <span class='ocrx_word' id='word_1_150' title='bbox 712 1817 748 1874; x_wconf 90' lang='lat' dir='ltr'>de</span> <span class='ocrx_word' id='word_1_151' title='bbox 763 1816 890 1874; x_wconf 87' lang='lat' dir='ltr'>dialecto</span> <span class='ocrx_word' id='word_1_152' title='bbox 901 1815 1010 1887; x_wconf 90' lang='lat' dir='ltr'>dorica,</span> <span class='ocrx_word' id='word_1_153' title='bbox 1024 1813 1092 1870; x_wconf 88' lang='lat' dir='ltr'>alia.</span> 
     </span>
     <span class='ocr_line' id='line_1_20' title="bbox 147 1900 1094 1980; baseline -0.002 -20"><span class='ocrx_word' id='word_1_154' title='bbox 147 1901 269 1977; x_wconf 86' lang='lat' dir='ltr'>Vereor,</span> <span class='ocrx_word' id='word_1_155' title='bbox 284 1906 318 1962; x_wconf 92' lang='lat' dir='ltr'>ut</span> <span class='ocrx_word' id='word_1_156' title='bbox 326 1903 404 1962; x_wconf 91' lang='lat' dir='ltr'>inter</span> <span class='ocrx_word' id='word_1_157' title='bbox 410 1904 491 1965; x_wconf 88' lang='lat' dir='ltr'>locos</span> <span class='ocrx_word' id='word_1_158' title='bbox 501 1907 610 1966; x_wconf 89' lang='lat' dir='ltr'>allatos</span> <span class='ocrx_word' id='word_1_159' title='bbox 620 1906 931 1980; x_wconf 84' lang='lat' dir='ltr'>desiderenturopera,</span> <span class='ocrx_word' id='word_1_160' title='bbox 946 1921 1022 1978; x_wconf 90' lang='lat' dir='ltr'>quae</span> <span class='ocrx_word' id='word_1_161' title='bbox 1033 1900 1094 1960; x_wconf 87' lang='lat' dir='ltr'>edi·</span> 
     </span>
     <span class='ocr_line' id='line_1_21' title="bbox 79 1989 1094 2073; baseline -0.004 -23"><span class='ocrx_word' id='word_1_162' title='bbox 79 1993 192 2052; x_wconf 89' lang='lat' dir='ltr'>tionem</span> <span class='ocrx_word' id='word_1_163' title='bbox 208 1991 439 2072; x_wconf 81' lang='lat' dir='ltr'>Oalliergianam</span> <span class='ocrx_word' id='word_1_164' title='bbox 453 1999 597 2073; x_wconf 85' lang='lat' dir='ltr'>expilasse</span> <span class='ocrx_word' id='word_1_165' title='bbox 612 1996 685 2056; x_wconf 89' lang='lat' dir='ltr'>satis</span> <span class='ocrx_word' id='word_1_166' title='bbox 699 1997 825 2067; x_wconf 88' lang='lat' dir='ltr'>constat,</span> <span class='ocrx_word' id='word_1_167' title='bbox 842 1993 1010 2052; x_wconf 84' lang='lat' dir='ltr'>Violarium</span> <span class='ocrx_word' id='word_1_168' title='bbox 1028 1989 1094 2047; x_wconf 91' lang='lat' dir='ltr'>dico</span> 
     </span>
     <span class='ocr_line' id='line_1_22' title="bbox 79 2079 1094 2164; baseline -0.003 -23"><span class='ocrx_word' id='word_1_169' title='bbox 79 2082 264 2143; x_wconf 77' lang='lat' dir='ltr'>Eudociae</span> <span class='ocrx_word' id='word_1_170' title='bbox 283 2082 635 2164; x_wconf 86' lang='lat' dir='ltr'>Maorembolitissae</span> <span class='ocrx_word' id='word_1_171' title='bbox 654 2088 726 2144; x_wconf 89' lang='lat' dir='ltr'>olim</span> <span class='ocrx_word' id='word_1_172' title='bbox 744 2085 891 2144; x_wconf 90' lang='lat' dir='ltr'>tributum</span> <span class='ocrx_word' id='word_1_173' title='bbox 910 2083 940 2139; x_wconf 91' lang='lat' dir='ltr'>et</span> <span class='ocrx_word' id='word_1_174' title='bbox 958 2079 1094 2139; x_wconf 89' lang='lat' dir='ltr'>Varini</span> 
     </span>
     <span class='ocr_line' id='line_1_23' title="bbox 80 2166 1093 2250; baseline -0.004 -21"><span class='ocrx_word' id='word_1_175' title='bbox 80 2170 278 2232; x_wconf 85' lang='lat' dir='ltr'>Phavorini</span> <span class='ocrx_word' id='word_1_176' title='bbox 298 2172 473 2234; x_wconf 79' lang='lat' dir='ltr'>Camertis</span> <span class='ocrx_word' id='word_1_177' title='bbox 488 2175 707 2234; x_wconf 84' lang='lat' dir='ltr'>Diotionan&#39;um</span> <span class='ocrx_word' id='word_1_178' title='bbox 725 2192 867 2250; x_wconf 83' lang='lat' dir='ltr'>magnum</span> <span class='ocrx_word' id='word_1_179' title='bbox 886 2171 923 2229; x_wconf 90' lang='lat' dir='ltr'>ab</span> <span class='ocrx_word' id='word_1_180' title='bbox 942 2169 1007 2245; x_wconf 90' lang='lat' dir='ltr'>ipso</span> <span class='ocrx_word' id='word_1_181' title='bbox 1028 2166 1093 2226; x_wconf 79' lang='lat' dir='ltr'>(lal-</span> 
     </span>
     <span class='ocr_line' id='line_1_24' title="bbox 81 2258 1094 2339; baseline -0.003 -21"><span class='ocrx_word' id='word_1_182' title='bbox 81 2260 176 2337; x_wconf 86' lang='lat' dir='ltr'>lierge</span> <span class='ocrx_word' id='word_1_183' title='bbox 190 2263 363 2321; x_wconf 81' lang='grc'><strong>11001523</strong></span> <span class='ocrx_word' id='word_1_184' title='bbox 379 2264 460 2338; x_wconf 88' lang='lat' dir='ltr'>typis</span> <span class='ocrx_word' id='word_1_185' title='bbox 476 2282 654 2339; x_wconf 83' lang='lat' dir='ltr'>expressum.</span> <span class='ocrx_word' id='word_1_186' title='bbox 679 2281 825 2323; x_wconf 86' lang='lat' dir='ltr'>cumvero</span> <span class='ocrx_word' id='word_1_187' title='bbox 835 2259 968 2322; x_wconf 82' lang='lat' dir='ltr'>Eudocia</span> <span class='ocrx_word' id='word_1_188' title='bbox 978 2258 1094 2316; x_wconf 90' lang='lat' dir='ltr'>nullum</span> 
     </span>
     <span class='ocr_line' id='line_1_25' title="bbox 81 2346 1092 2427; baseline -0.002 -19"><span class='ocrx_word' id='word_1_189' title='bbox 81 2348 193 2408; x_wconf 88' lang='lat' dir='ltr'>librum</span> <span class='ocrx_word' id='word_1_190' title='bbox 214 2370 305 2410; x_wconf 90' lang='lat' dir='ltr'>manu</span> <span class='ocrx_word' id='word_1_191' title='bbox 329 2352 473 2427; x_wconf 87' lang='lat' dir='ltr'>scripturn</span> <span class='ocrx_word' id='word_1_192' title='bbox 491 2355 643 2427; x_wconf 88' lang='lat' dir='ltr'>asciverit,</span> <span class='ocrx_word' id='word_1_193' title='bbox 667 2352 869 2413; x_wconf 70' lang='lat' dir='ltr'>Phanorinum</span> <span class='ocrx_word' id='word_1_194' title='bbox 892 2351 1010 2426; x_wconf 90' lang='lat' dir='ltr'>praeter</span> <span class='ocrx_word' id='word_1_195' title='bbox 1033 2346 1092 2406; x_wconf 89' lang='lat' dir='ltr'>edi·</span> 
     </span>
    </p>
   </div>
   <div class='ocr_carea' id='block_1_3' title="bbox 80 2436 1092 2612">
    <p class='ocr_par' dir='ltr' id='par_1_3' title="bbox 80 2436 1092 2612">
     <span class='ocr_line' id='line_1_26' title="bbox 80 2436 1092 2517; baseline -0.003 -20"><span class='ocrx_word' id='word_1_196' title='bbox 80 2438 194 2498; x_wconf 87' lang='lat' dir='ltr'>tionem</span> <span class='ocrx_word' id='word_1_197' title='bbox 214 2439 616 2517; x_wconf 76' lang='lat' dir='ltr'>Galliergianam&#39;nonnullis</span> <span class='ocrx_word' id='word_1_198' title='bbox 639 2444 712 2502; x_wconf 90' lang='lat' dir='ltr'>locis</span> <span class='ocrx_word' id='word_1_199' title='bbox 732 2442 863 2501; x_wconf 88' lang='lat' dir='ltr'>codicem</span> <span class='ocrx_word' id='word_1_200' title='bbox 883 2437 1031 2514; x_wconf 88' lang='lat' dir='ltr'>quendam</span> <span class='ocrx_word' id='word_1_201' title='bbox 1049 2436 1092 2494; x_wconf 86' lang='lat' dir='ltr'>fa·</span> 
     </span>
     <span class='ocr_line' id='line_1_27' title="bbox 82 2521 1092 2612; baseline -0.005 -26"><span class='ocrx_word' id='word_1_202' title='bbox 82 2527 184 2587; x_wconf 88' lang='lat' dir='ltr'>miliae</span> <span class='ocrx_word' id='word_1_203' title='bbox 191 2529 356 2589; x_wconf 87' lang='lat' dir='ltr'>Vaticanae</span> <span class='ocrx_word' id='word_1_204' title='bbox 367 2531 536 2590; x_wconf 87' lang='lat' dir='ltr'>adhibuisse</span> <span class='ocrx_word' id='word_1_205' title='bbox 546 2532 663 2591; x_wconf 87' lang='lat' dir='ltr'>Ahrens</span> <span class='ocrx_word' id='word_1_206' title='bbox 674 2524 716 2612; x_wconf 86' lang='lat' dir='ltr'>(p.</span> <span class='ocrx_word' id='word_1_207' title='bbox 724 2521 866 2610; x_wconf 86' lang='lat' dir='ltr'>LXXIII)</span> <span class='ocrx_word' id='word_1_208' title='bbox 875 2532 954 2587; x_wconf 89' lang='lat' dir='ltr'>recte</span> <span class='ocrx_word' id='word_1_209' title='bbox 964 2525 1092 2600; x_wconf 73' lang='lat' dir='ltr'>monuit,</span> 
     </span>
    </p>
   </div>
   <div class='ocr_carea' id='block_1_4' title="bbox 82 2614 1093 2876">
    <p class='ocr_par' dir='ltr' id='par_1_4' title="bbox 82 2614 1093 2876">
     <span class='ocr_line' id='line_1_28' title="bbox 82 2614 1093 2719; baseline -0.004 -44"><span class='ocrx_word' id='word_1_210' title='bbox 82 2617 220 2719; x_wconf 74' lang='lat' dir='ltr'>conferas</span> <span class='ocrx_word' id='word_1_211' title='bbox 241 2639 265 2677; x_wconf 87' lang='lat' dir='ltr'>e.</span> <span class='ocrx_word' id='word_1_212' title='bbox 284 2641 311 2697; x_wconf 87' lang='lat' dir='ltr'>g.</span> <span class='ocrx_word' id='word_1_213' title='bbox 334 2620 447 2679; x_wconf 88' lang='lat' dir='ltr'>scholia</span> <span class='ocrx_word' id='word_1_214' title='bbox 464 2615 702 2699; x_wconf 67' lang='lat' dir='ltr'>11108s09bc,</span> <span class='ocrx_word' id='word_1_215' title='bbox 724 2619 890 2680; x_wconf 90' lang='lat' dir='ltr'>110b—d</span> <span class='ocrx_word' id='word_1_216' title='bbox 909 2636 928 2675; x_wconf 88' lang='lat' dir='ltr'>a</span> <span class='ocrx_word' id='word_1_217' title='bbox 947 2614 1093 2690; x_wconf 77' lang='lat' dir='ltr'>Callierge</span> 
     </span>
     <span class='ocr_line' id='line_1_29' title="bbox 82 2723 1093 2876; baseline -0.004 -18"><span class='ocrx_word' id='word_1_218' title='bbox 82 2723 287 2873; x_wconf 61' lang='lat' dir='ltr'>omddholiis</span> <span class='ocrx_word' id='word_1_219' title='bbox 306 2818 382 2874; x_wconf 87' lang='lat' dir='ltr'>quae</span> <span class='ocrx_word' id='word_1_220' title='bbox 400 2819 435 2859; x_wconf 86' lang='lat' dir='ltr'>ex</span> <span class='ocrx_word' id='word_1_221' title='bbox 453 2798 706 2876; x_wconf 81' lang='lat' dir='ltr'>Etymologico</span> <span class='ocrx_word' id='word_1_222' title='bbox 725 2800 758 2856; x_wconf 92' lang='lat' dir='ltr'>in</span> <span class='ocrx_word' id='word_1_223' title='bbox 776 2797 908 2857; x_wconf 89' lang='lat' dir='ltr'>codicem</span> <span class='ocrx_word' id='word_1_224' title='bbox 925 2799 957 2852; x_wconf 87' lang='grc' dir='ltr'><strong><em>Κ</em></strong></span> <span class='ocrx_word' id='word_1_225' title='bbox 975 2793 1093 2868; x_wconf 76' lang='lat' dir='ltr'>recepta</span> 
     </span>
    </p>
   </div>
   <div class='ocr_carea' id='block_1_5' title="bbox 80 2881 1094 3590">
    <p class='ocr_par' dir='ltr' id='par_1_5' title="bbox 80 2881 1094 3590">
     <span class='ocr_line' id='line_1_30' title="bbox 82 2881 1093 2964; baseline -0.003 -17"><span class='ocrx_word' id='word_1_226' title='bbox 82 2891 162 2962; x_wconf 89' lang='lat' dir='ltr'>sunt,</span> <span class='ocrx_word' id='word_1_227' title='bbox 180 2908 240 2947; x_wconf 92' lang='grc'>101</span> <span class='ocrx_word' id='word_1_228' title='bbox 259 2889 403 2963; x_wconf 89' lang='lat' dir='ltr'>adscripsi</span> <span class='ocrx_word' id='word_1_229' title='bbox 420 2889 479 2947; x_wconf 90' lang='lat' dir='ltr'>nisi</span> <span class='ocrx_word' id='word_1_230' title='bbox 492 2889 651 2948; x_wconf 74' lang='lat' dir='ltr'>lonicorum</span> <span class='ocrx_word' id='word_1_231' title='bbox 667 2888 932 2964; x_wconf 86' lang='lat' dir='ltr'>etymologioorum</span> <span class='ocrx_word' id='word_1_232' title='bbox 945 2883 1033 2940; x_wconf 90' lang='lat' dir='ltr'>locos.</span> <span class='ocrx_word' id='word_1_233' title='bbox 1061 2881 1093 2944; x_wconf 83' lang='lat' dir='ltr'>in</span> 
     </span>
     <span class='ocr_line' id='line_1_31' title="bbox 81 2972 1092 3055; baseline -0.007 -20"><span class='ocrx_word' id='word_1_234' title='bbox 81 2976 338 3055; x_wconf 77' lang='lat' dir='ltr'>Etymologico</span> <span class='ocrx_word' id='word_1_235' title='bbox 362 2976 522 3038; x_wconf 85' lang='lat' dir='ltr'>Genuino</span> <span class='ocrx_word' id='word_1_236' title='bbox 547 2978 625 3054; x_wconf 91' lang='lat' dir='ltr'>quod</span> <span class='ocrx_word' id='word_1_237' title='bbox 649 2979 773 3036; x_wconf 88' lang='lat' dir='ltr'>vocatur</span> <span class='ocrx_word' id='word_1_238' title='bbox 795 2974 942 3034; x_wconf 85' lang='lat' dir='ltr'>afferendo</span> <span class='ocrx_word' id='word_1_239' title='bbox 965 2972 1022 3030; x_wconf 91' lang='lat' dir='ltr'>hac</span> <span class='ocrx_word' id='word_1_240' title='bbox 1043 2988 1092 3029; x_wconf 90' lang='lat' dir='ltr'>ra·</span> 
     </span>
     <span class='ocr_line' id='line_1_32' title="bbox 81 3060 1094 3143; baseline -0.012 -16"><span class='ocrx_word' id='word_1_241' title='bbox 81 3069 164 3127; x_wconf 87' lang='lat' dir='ltr'>tione</span> <span class='ocrx_word' id='word_1_242' title='bbox 191 3087 263 3127; x_wconf 91' lang='lat' dir='ltr'>usus</span> <span class='ocrx_word' id='word_1_243' title='bbox 291 3086 364 3126; x_wconf 89' lang='lat' dir='ltr'>sum.</span> <span class='ocrx_word' id='word_1_244' title='bbox 401 3066 452 3126; x_wconf 92' lang='lat' dir='ltr'>ubi</span> <span class='ocrx_word' id='word_1_245' title='bbox 480 3085 498 3124; x_wconf 93' lang='lat' dir='ltr'>a</span> <span class='ocrx_word' id='word_1_246' title='bbox 521 3068 663 3125; x_wconf 90' lang='lat' dir='ltr'>Millero</span> <span class='ocrx_word' id='word_1_247' title='bbox 692 3060 860 3143; x_wconf 64' lang='lat' dir='ltr'>(Melaenae</span> <span class='ocrx_word' id='word_1_248' title='bbox 881 3064 916 3122; x_wconf 82' lang='lat' dir='ltr'>dc</span> <span class='ocrx_word' id='word_1_249' title='bbox 934 3060 1094 3120; x_wconf 70' lang='lat' dir='ltr'>littetctnro</span> 
     </span>
     <span class='ocr_line' id='line_1_33' title="bbox 80 3148 1093 3234; baseline -0.009 -19"><span class='ocrx_word' id='word_1_250' title='bbox 80 3174 203 3232; x_wconf 70' lang='lat' dir='ltr'>precone</span> <span class='ocrx_word' id='word_1_251' title='bbox 223 3151 324 3234; x_wconf 78' lang='lat'><em>1868)</em></span> <span class='ocrx_word' id='word_1_252' title='bbox 348 3157 411 3215; x_wconf 92' lang='lat' dir='ltr'>solo</span> <span class='ocrx_word' id='word_1_253' title='bbox 434 3156 554 3215; x_wconf 89' lang='lat' dir='ltr'>edoctus</span> <span class='ocrx_word' id='word_1_254' title='bbox 573 3174 654 3214; x_wconf 92' lang='lat' dir='ltr'>eram</span> <span class='ocrx_word' id='word_1_255' title='bbox 673 3155 834 3214; x_wconf 89' lang='lat' dir='ltr'>articulum</span> <span class='ocrx_word' id='word_1_256' title='bbox 852 3151 1002 3228; x_wconf 88' lang='lat' dir='ltr'>quendam</span> <span class='ocrx_word' id='word_1_257' title='bbox 1019 3148 1093 3222; x_wconf 83' lang='lat' dir='ltr'>Elty-</span> 
     </span>
     <span class='ocr_line' id='line_1_34' title="bbox 82 3237 1093 3324; baseline -0.01 -19"><span class='ocrx_word' id='word_1_258' title='bbox 82 3246 225 3324; x_wconf 83' lang='lat' dir='ltr'>mologioi</span> <span class='ocrx_word' id='word_1_259' title='bbox 243 3246 346 3324; x_wconf 84' lang='lat' dir='ltr'>Magni</span> <span class='ocrx_word' id='word_1_260' title='bbox 368 3247 460 3304; x_wconf 89' lang='lat' dir='ltr'>etiam</span> <span class='ocrx_word' id='word_1_261' title='bbox 478 3245 510 3303; x_wconf 92' lang='lat' dir='ltr'>in</span> <span class='ocrx_word' id='word_1_262' title='bbox 528 3245 627 3304; x_wconf 89' lang='lat' dir='ltr'>codice</span> <span class='ocrx_word' id='word_1_263' title='bbox 646 3243 849 3302; x_wconf 86' lang='lat' dir='ltr'>Laurentiano</span> <span class='ocrx_word' id='word_1_264' title='bbox 868 3238 1008 3313; x_wconf 84' lang='lat' dir='ltr'>inveniri,</span> <span class='ocrx_word' id='word_1_265' title='bbox 1030 3237 1093 3295; x_wconf 48' lang='lat' dir='ltr'>Mas</span> 
     </span>
     <span class='ocr_line' id='line_1_35' title="bbox 83 3325 1093 3412; baseline -0.004 -20"><span class='ocrx_word' id='word_1_266' title='bbox 83 3355 178 3412; x_wconf 85' lang='lat' dir='ltr'>gnum</span> <span class='ocrx_word' id='word_1_267' title='bbox 190 3335 313 3394; x_wconf 86' lang='lat' dir='ltr'>laudavi</span> <span class='ocrx_word' id='word_1_268' title='bbox 327 3335 366 3394; x_wconf 92' lang='lat' dir='ltr'>ad</span> <span class='ocrx_word' id='word_1_269' title='bbox 378 3334 547 3393; x_wconf 84' lang='lat' dir='ltr'>Genuinum</span> <span class='ocrx_word' id='word_1_270' title='bbox 562 3334 651 3393; x_wconf 90' lang='lat' dir='ltr'>simul</span> <span class='ocrx_word' id='word_1_271' title='bbox 665 3333 806 3392; x_wconf 89' lang='lat' dir='ltr'>lectorem</span> <span class='ocrx_word' id='word_1_272' title='bbox 820 3330 983 3402; x_wconf 91' lang='lat' dir='ltr'>remittens,</span> <span class='ocrx_word' id='word_1_273' title='bbox 998 3325 1093 3388; x_wconf 81' lang='lat' dir='ltr'>velut:</span> 
     </span>
     <span class='ocr_line' id='line_1_36' title="bbox 83 3412 1093 3505; baseline -0.011 -23"><span class='ocrx_word' id='word_1_274' title='bbox 83 3423 132 3482; x_wconf 78' lang='lat' dir='ltr'>Et.</span> <span class='ocrx_word' id='word_1_275' title='bbox 148 3425 186 3482; x_wconf 80' lang='lat' dir='ltr'>M.</span> <span class='ocrx_word' id='word_1_276' title='bbox 203 3427 276 3500; x_wconf 87' lang='lat'>811,</span> <span class='ocrx_word' id='word_1_277' title='bbox 292 3425 333 3484; x_wconf 85' lang='lat'>50</span> <span class='ocrx_word' id='word_1_278' title='bbox 353 3417 404 3505; x_wconf 85' lang='lat' dir='ltr'>(of.</span> <span class='ocrx_word' id='word_1_279' title='bbox 420 3414 515 3503; x_wconf 72' lang='grc'><strong>(101).</strong></span> <span class='ocrx_word' id='word_1_280' title='bbox 548 3423 583 3482; x_wconf 93' lang='lat' dir='ltr'>de</span> <span class='ocrx_word' id='word_1_281' title='bbox 602 3423 639 3480; x_wconf 90' lang='lat' dir='ltr'>iis</span> <span class='ocrx_word' id='word_1_282' title='bbox 658 3440 727 3481; x_wconf 90' lang='lat' dir='ltr'>vero</span> <span class='ocrx_word' id='word_1_283' title='bbox 747 3419 947 3496; x_wconf 80' lang='lat' dir='ltr'>Etymologici</span> <span class='ocrx_word' id='word_1_284' title='bbox 966 3412 1093 3475; x_wconf 83' lang='lat' dir='ltr'>Genuini</span> 
     </span>
     <span class='ocr_line' id='line_1_37' title="bbox 82 3504 1093 3590; baseline -0.009 -21"><span class='ocrx_word' id='word_1_285' title='bbox 82 3512 165 3588; x_wconf 88' lang='lat' dir='ltr'>locis,</span> <span class='ocrx_word' id='word_1_286' title='bbox 185 3513 239 3590; x_wconf 90' lang='lat' dir='ltr'>qui</span> <span class='ocrx_word' id='word_1_287' title='bbox 255 3514 317 3572; x_wconf 83' lang='lat' dir='ltr'>fere</span> <span class='ocrx_word' id='word_1_288' title='bbox 337 3513 376 3572; x_wconf 90' lang='lat' dir='ltr'>ad</span> <span class='ocrx_word' id='word_1_289' title='bbox 393 3512 515 3572; x_wconf 87' lang='lat' dir='ltr'>verbum</span> <span class='ocrx_word' id='word_1_290' title='bbox 530 3531 598 3572; x_wconf 90' lang='lat' dir='ltr'>cum</span> <span class='ocrx_word' id='word_1_291' title='bbox 612 3511 732 3571; x_wconf 90' lang='lat' dir='ltr'>scholiis</span> <span class='ocrx_word' id='word_1_292' title='bbox 748 3509 937 3578; x_wconf 87' lang='lat' dir='ltr'>conveniunt,</span> <span class='ocrx_word' id='word_1_293' title='bbox 956 3504 1093 3569; x_wconf 83' lang='lat' dir='ltr'>accurate</span> 
     </span>
    </p>
   </div>
   <div class='ocr_carea' id='block_1_6' title="bbox 0 0 1228 3870">
    <p class='ocr_par' dir='ltr' id='par_1_6' title="bbox 0 0 1228 3870">
     <span class='ocr_line' id='line_1_38' title="bbox 0 0 1228 3870; baseline 0 0"><span class='ocrx_word' id='word_1_294' title='bbox 0 0 1228 3870; x_wconf 95' lang='lat' dir='ltr'> </span> 
     </span>
    </p>
   </div>
  </div>
 </body>
</html>
