2446 3870
102 132 143 196 14
456 132 657 204 Prolcgomcna
675 133 766 187 latina

99 300 206 360 moniis
229 301 356 361 reversis
373 301 613 378 Peloponnesum
636 302 805 380 religiosior
826 301 888 361 fuit
907 321 981 362 cura
997 301 1113 361 Dianae

101 396 270 474 Caryatidis
302 400 450 459 colendae.
492 419 562 459 nam
593 401 670 460 forte
697 400 764 477 ipso
792 400 839 460 die
865 403 1055 461 reverterunt
1080 401 1113 459 in

99 496 230 572 patriam
257 516 344 557 suam
370 500 512 574 victores,
540 517 599 575 quo
624 499 689 558 fieri
712 518 797 558 sacra
820 498 915 558 eidem
939 499 1011 558 deae
1035 517 1112 558 eom-

98 595 229 670 petebat.
262 595 312 655 sed
332 596 474 672 quoniam
492 598 662 673 praesentia
677 597 830 675 virginum
843 597 967 672 deesset,
986 617 1062 673 quae
1078 617 1113 657 ea

100 692 248 752 celebrare
272 697 499 769 consueverant,
522 714 559 753 ne
578 695 755 775 sacrificium
769 695 1037 770 intermitteretur,
1060 715 1112 770 pa·
1141 713 1152 751 s

100 792 193 850 stores
218 810 253 850 ex
275 792 381 851 vicinis
405 795 486 870 agris
505 781 716 852 contranierunt
735 797 765 852 et
782 813 836 870 per
855 812 903 854 eos
923 812 1008 853 sacra
1027 813 1112 869 expe-

100 888 219 948 dierunt
237 889 378 949 adhibitis
397 891 577 950 carminibus
596 891 688 950 etiam
705 894 834 952 rusticis.

60 1013 92 1058 θ·
167 1008 260 1065 ritum
279 1010 379 1065 autem
398 1025 549 1067 sacrorum
566 1008 722 1067 bucolicon
741 1008 943 1084 appellarunt,
961 1026 1021 1066 non
1040 1028 1112 1084 quo·

99 1105 181 1162 niam
200 1106 257 1163 soli
274 1104 365 1163 boum
384 1109 519 1182 pastores
537 1105 581 1164 ibi
597 1107 719 1181 tuerint,
739 1106 789 1166 sed
804 1105 944 1182 quoniam
957 1105 1047 1165 boves
1062 1126 1111 1181 pe-

100 1220 168 1261 cora
186 1205 374 1279 praestarent
391 1204 605 1281 magnitudine.
846 1261 848 1264 ,
1127 1220 1153 1259 10

54 1347 89 1356 —
166 1319 221 1378 hoc
239 1319 318 1379 idem
332 1338 450 1380 carmen
464 1323 495 1380 et
508 1321 677 1380 astrabicon
692 1321 806 1397 dictum
820 1325 865 1382 est
879 1341 914 1380 ex
927 1323 1032 1394 forma,
1052 1341 1112 1396 qua

100 1416 218 1476 advecti
231 1418 357 1493 fuerant,
376 1419 429 1494 qui
442 1418 496 1477 illa
510 1420 660 1477 cantaturi
673 1422 766 1478 erant.
795 1421 865 1478 sunt
879 1421 979 1479 autem
992 1419 1112 1478 astraba

99 1515 236 1574 vehicula
255 1515 335 1574 dicta
353 1514 432 1595 παρὰ
451 1514 483 1576 τὸ
498 1515 538 1594 μὴ
553 1513 744 1594 στρέφεσθαι,
763 1536 821 1592 quo
836 1517 927 1576 titulo
943 1521 972 1576 et
986 1518 1111 1576 Plautus

99 1612 232 1671 fabulam
255 1612 420 1689 inscripsit,
445 1616 478 1672 in
501 1633 561 1690 qua
583 1613 721 1672 mulieres
744 1613 775 1671 in
799 1614 944 1672 eiusmodi
966 1615 1110 1674 vehiculis

98 1710 223 1768 inducit.
1127 1729 1152 1766 11

60 1832 91 1874 ⁸⁸
168 1827 263 1886 altera
277 1845 368 1887 causa
382 1827 421 1886 ad
431 1826 546 1888 Siculos
556 1829 693 1904 pertinet.
713 1831 782 1886 aute
792 1825 912 1886 Gelonis
921 1827 1111 1902 tyrannidem

100 1924 253 2001 Syracusis
277 1926 327 1984 lue
350 1944 459 2002 pecora
481 1925 658 2001 interibant,
686 1926 793 2002 quibus
816 1925 984 1985 refovendis
1008 1928 1112 1984 votum

99 2025 232 2085 fecerunt
246 2023 366 2100 eiusque
380 2027 445 2085 voti
458 2027 609 2102 compotes
623 2025 769 2101 templum
778 2024 893 2082 Dianae
905 2025 1111 2099 instituerunt,

101 2141 191 2198 quam
208 2122 340 2198 Lyaeam
364 2125 545 2186 vocaverunt
566 2126 689 2200 propter
708 2122 788 2199 quod
805 2123 892 2182 malis
911 2124 1008 2182 esseut
1027 2122 1111 2181 abso·

60 2220 164 2278 soluti.
185 2215 189 2296 Ι
211 2220 249 2279 ad
274 2221 337 2280 eius
366 2221 582 2281 dedicationem
605 2221 728 2299 plurimi
749 2224 884 2298 pastores
907 2221 1112 2282 confluxerunt
1125 2234 1151 2272 2⁰

100 2337 166 2377 eum
184 2318 302 2377 utribus
321 2319 390 2378 vino
409 2320 506 2395 plenis
525 2323 556 2379 et
574 2320 702 2396 panibus
720 2319 831 2397 figuras
849 2320 982 2378 ferarum
999 2318 1048 2378 vel
1061 2336 1111 2394 pe·

100 2434 200 2475 eorum
223 2415 420 2475 referentibus
441 2417 523 2493 iique
546 2418 756 2492 instituerunt,
779 2420 814 2476 ut
836 2417 871 2491 ii,
895 2417 948 2492 qui
969 2434 1111 2474 convene·

99 2517 182 2587 rant,
205 2513 307 2572 laudes
331 2513 403 2572 deae
428 2514 559 2573 dicerent
581 2517 708 2589 certato,
732 2515 785 2589 qui
808 2531 858 2572 eas
880 2515 992 2571 rectius
1010 2531 1111 2588 prose-

100 2614 248 2687 queretur,
263 2611 474 2671 couteuderent
487 2615 588 2671 autem
601 2612 633 2670 in
648 2631 714 2671 eam
727 2612 854 2670 formam
864 2602 956 2691 (Keil,
971 2629 1006 2670 ea
1014 2611 1111 2670 forma

99 2702 182 2791 libri)
210 2709 321 2783 ornati,
348 2713 383 2768 ut
406 2728 516 2768 cornua
539 2711 632 2769 fronti
655 2710 796 2768 adiuncta
818 2709 920 2768 taenia
942 2709 1111 2786 obligarent
1125 2721 1151 2762 2⁵

100 2826 167 2865 eum
185 2811 251 2867 utre
271 2811 301 2867 et
319 2808 453 2883 reticulo,
477 2827 535 2884 quo
549 2808 689 2884 panificia
703 2807 855 2882 haberent,
874 2811 913 2883 et,
933 2808 1110 2884 quicumque

101 2897 236 2985 (Hagen,
259 2906 403 2965 haberent
424 2925 539 2981 cunque
565 2909 596 2964 et
618 2898 771 2983 quilibet)
790 2907 922 2981 vicisset,
945 2905 1111 2982 praemium

99 3003 232 3078 haberet,
251 3005 330 3081 quod
346 3004 381 3079 is,
396 3004 449 3080 qui
462 3005 559 3063 victus
575 3007 647 3077 erat,
661 3003 848 3080 contulisset3
866 3004 1110 3078 permissumque,
1153 3061 1155 3066 ,

99 3103 134 3158 ut
155 3102 224 3160 inde
248 3103 361 3161 exirent
385 3105 427 3176 et,
451 3101 558 3178 quibus
577 3104 785 3175 cantaverant,
808 3101 914 3160 iisdem
931 3101 993 3161 illis
1011 3101 1111 3159 fausta

101 3201 311 3258 ominareutur.
1124 3214 1150 3253 ao

61 3323 93 3364 Β·
165 3317 257 3374 tertia
280 3318 382 3392 opinio
407 3316 445 3374 ad
470 3314 588 3374 eosdem
611 3314 726 3374 Siculos
749 3316 891 3391 pertinet,
917 3314 969 3373 sed
992 3332 1027 3372 ex
1050 3313 1110 3372 alia

100 3415 223 3473 ratione.
256 3433 326 3473 nam
345 3412 462 3474 Orestes
485 3416 554 3489 post
575 3413 770 3489 parricidium
788 3414 889 3472 furens
907 3430 1048 3487 responso
1068 3410 1110 3469 di-

101 3511 183 3586 dicit,
202 3513 281 3588 quod
300 3513 460 3588 deponeret
477 3512 609 3570 furorem
627 3511 672 3570 ita
691 3510 816 3586 demum,
835 3509 862 3570 si
877 3512 997 3587 reperta
1010 3528 1110 3570 sorore
