<?xml version="1.0" encoding="UTF-8"?>
<!DOCTYPE html PUBLIC "-//W3C//DTD XHTML 1.0 Transitional//EN"
    "http://www.w3.org/TR/xhtml1/DTD/xhtml1-transitional.dtd">
<html xmlns="http://www.w3.org/1999/xhtml" xml:lang="en" lang="en">
 <head>
  <title>
</title>
<meta http-equiv="Content-Type" content="text/html;charset=utf-8" />
  <meta name='ocr-system' content='tesseract 3.04.00' />
  <meta name='ocr-capabilities' content='ocr_page ocr_carea ocr_par ocr_line ocrx_word'/>
</head>
<body>
  <div class='ocr_page' id='page_1' title='image "./scholiaintheocr00wendgoog_0389.png"; bbox 0 0 2438 3870; ppageno 0'>
   <div class='ocr_carea' id='block_1_1' title="bbox 472 155 683 215">
    <p class='ocr_par' dir='ltr' id='par_1_1' title="bbox 472 155 683 215">
     <span class='ocr_line' id='line_1_1' title="bbox 472 155 683 215; baseline -0.009 0"><span class='ocrx_word' id='word_1_1' title='bbox 472 155 551 215; x_wconf 76' lang='grc' dir='ltr'><strong><em>Ὠιόν</em></strong></span> <span class='ocrx_word' id='word_1_2' title='bbox 569 165 683 214; x_wconf 77' lang='grc' dir='ltr'><strong><em>ιι-11α</em></strong></span> 
     </span>
    </p>
   </div>
   <div class='ocr_carea' id='block_1_2' title="bbox 437 451 728 548">
    <p class='ocr_par' dir='ltr' id='par_1_2' title="bbox 437 451 728 548">
     <span class='ocr_line' id='line_1_2' title="bbox 437 451 728 548; baseline 0.007 -24"><span class='ocrx_word' id='word_1_3' title='bbox 437 459 593 548; x_wconf 87' lang='grc' dir='ltr'><strong><em>Σιμίον</em></strong></span> <span class='ocrx_word' id='word_1_4' title='bbox 616 451 728 526; x_wconf 79' lang='grc' dir='ltr'><strong><em>Ὠιόν</em></strong></span> 
     </span>
    </p>
   </div>
   <div class='ocr_carea' id='block_1_3' title="bbox 39 658 1161 3191">
    <p class='ocr_par' dir='ltr' id='par_1_3' title="bbox 79 658 1161 944">
     <span class='ocr_line' id='line_1_3' title="bbox 145 658 1161 742; baseline 0.006 -25"><span class='ocrx_word' id='word_1_5' title='bbox 145 680 169 718; x_wconf 81' lang='lat' dir='ltr'><strong><em>a.</em></strong></span> <span class='ocrx_word' id='word_1_6' title='bbox 193 662 341 739; x_wconf 86' lang='grc' dir='ltr'><strong><em>Παραινεῖ</em></strong></span> <span class='ocrx_word' id='word_1_7' title='bbox 355 658 370 722; x_wconf 87' lang='grc' dir='ltr'><strong><em>ό</em></strong></span> <span class='ocrx_word' id='word_1_8' title='bbox 389 658 513 739; x_wconf 79' lang='grc' dir='ltr'><strong><em>ποιητὴς</em></strong></span> <span class='ocrx_word' id='word_1_9' title='bbox 532 659 583 720; x_wconf 89' lang='grc' dir='ltr'><strong><em>τὸν</em></strong></span> <span class='ocrx_word' id='word_1_10' title='bbox 601 658 750 740; x_wconf 74' lang='grc' dir='ltr'><strong><em>ἀκροατὴν</em></strong></span> <span class='ocrx_word' id='word_1_11' title='bbox 769 663 869 740; x_wconf 84' lang='grc' dir='ltr'><strong><em>λαβεῖν</em></strong></span> <span class='ocrx_word' id='word_1_12' title='bbox 886 671 939 740; x_wconf 81' lang='grc' dir='ltr'><strong><em>τῆς</em></strong></span> <span class='ocrx_word' id='word_1_13' title='bbox 956 662 1090 742; x_wconf 85' lang='grc' dir='ltr'><strong><em>Δωρίδος</em></strong></span> <span class='ocrx_word' id='word_1_14' title='bbox 1098 670 1161 715; x_wconf 71' lang='lat' dir='ltr'><strong>Antt.</strong></span> 
     </span>
     <span class='ocr_line' id='line_1_4' title="bbox 79 752 1089 844; baseline 0.005 -28"><span class='ocrx_word' id='word_1_15' title='bbox 79 755 207 835; x_wconf 89' lang='grc' dir='ltr'><strong><em>ἀηδόνος</em></strong></span> <span class='ocrx_word' id='word_1_16' title='bbox 230 757 261 820; x_wconf 88' lang='grc' dir='ltr'><strong><em>τὸ</em></strong></span> <span class='ocrx_word' id='word_1_17' title='bbox 285 752 344 844; x_wconf 79' lang='grc' dir='ltr'><strong><em>ᾠὸν</em></strong></span> <span class='ocrx_word' id='word_1_18' title='bbox 363 757 433 838; x_wconf 80' lang='grc' dir='ltr'><strong><em>μετὰ</em></strong></span> <span class='ocrx_word' id='word_1_19' title='bbox 455 761 565 838; x_wconf 80' lang='grc' dir='ltr'><strong><em>πολλῆς</em></strong></span> <span class='ocrx_word' id='word_1_20' title='bbox 586 759 768 837; x_wconf 78' lang='grc' dir='ltr'><strong><em>προθυμίας</em></strong></span> <span class='ocrx_word' id='word_1_21' title='bbox 793 756 878 837; x_wconf 79' lang='grc' dir='ltr'><strong><em>ἡδεῖα</em></strong></span> <span class='ocrx_word' id='word_1_22' title='bbox 900 760 955 840; x_wconf 88' lang='grc' dir='ltr'><strong><em>γόρ</em></strong></span> <span class='ocrx_word' id='word_1_23' title='bbox 974 756 1089 837; x_wconf 77' lang='grc' dir='ltr'><strong><em>ἐστινὴ</em></strong></span> 
     </span>
     <span class='ocr_line' id='line_1_5' title="bbox 79 851 1089 944; baseline 0.001 -26"><span class='ocrx_word' id='word_1_24' title='bbox 79 857 166 935; x_wconf 80' lang='grc' dir='ltr'><strong><em>φωνὴ</em></strong></span> <span class='ocrx_word' id='word_1_25' title='bbox 181 867 233 937; x_wconf 78' lang='grc' dir='ltr'><strong><em>τῆς</em></strong></span> <span class='ocrx_word' id='word_1_26' title='bbox 248 859 382 940; x_wconf 81' lang='grc' dir='ltr'><strong><em>Δωρίδος</em></strong></span> <span class='ocrx_word' id='word_1_27' title='bbox 401 857 538 935; x_wconf 80' lang='grc' dir='ltr'><strong><em>ἀηδόνος.</em></strong></span> <span class='ocrx_word' id='word_1_28' title='bbox 561 867 648 918; x_wconf 90' lang='grc' dir='ltr'><strong><em>τοῦτο</em></strong></span> <span class='ocrx_word' id='word_1_29' title='bbox 668 854 699 918; x_wconf 79' lang='grc' dir='ltr'><strong><em>δὲ</em></strong></span> <span class='ocrx_word' id='word_1_30' title='bbox 718 857 750 919; x_wconf 90' lang='grc' dir='ltr'><strong><em>τὸ</em></strong></span> <span class='ocrx_word' id='word_1_31' title='bbox 770 851 828 944; x_wconf 77' lang='grc' dir='ltr'><strong><em>ᾠὸν</em></strong></span> <span class='ocrx_word' id='word_1_32' title='bbox 847 855 862 919; x_wconf 88' lang='grc' dir='ltr'><strong><em>ό</em></strong></span> <span class='ocrx_word' id='word_1_33' title='bbox 882 858 1089 938; x_wconf 85' lang='grc' dir='ltr'><strong><em>μεγαλοφωνό-</em></strong></span> 
     </span>
    </p>

    <p class='ocr_par' dir='ltr' id='par_1_4' title="bbox 52 950 1091 1135">
     <span class='ocr_line' id='line_1_6' title="bbox 52 950 1091 1037; baseline -0.003 -17"><span class='ocrx_word' id='word_1_34' title='bbox 52 979 163 1029; x_wconf 84' lang='grc' dir='ltr'><strong><em>οτατος</em></strong></span> <span class='ocrx_word' id='word_1_35' title='bbox 183 966 241 1017; x_wconf 90' lang='grc' dir='ltr'><strong><em>τῶν</em></strong></span> <span class='ocrx_word' id='word_1_36' title='bbox 261 962 341 1017; x_wconf 89' lang='grc' dir='ltr'><strong><em>θεῶν</em></strong></span> <span class='ocrx_word' id='word_1_37' title='bbox 357 950 482 1036; x_wconf 79' lang='grc' dir='ltr'><strong><em>Ἑρμῆς,</em></strong></span> <span class='ocrx_word' id='word_1_38' title='bbox 506 953 601 1036; x_wconf 73' lang='grc' dir='ltr'><strong><em>ἤγουν</em></strong></span> <span class='ocrx_word' id='word_1_39' title='bbox 621 953 636 1017; x_wconf 88' lang='grc' dir='ltr'><strong><em>ό</em></strong></span> <span class='ocrx_word' id='word_1_40' title='bbox 655 955 754 1037; x_wconf 86' lang='grc' dir='ltr'><strong><em>λόγος,</em></strong></span> <span class='ocrx_word' id='word_1_41' title='bbox 776 954 911 1036; x_wconf 80' lang='grc' dir='ltr'><strong><em>παρέσχε</em></strong></span> <span class='ocrx_word' id='word_1_42' title='bbox 931 956 1040 1016; x_wconf 79' lang='grc' dir='ltr'><strong><em>κελεύει</em></strong></span> <span class='ocrx_word' id='word_1_43' title='bbox 1059 954 1091 1017; x_wconf 82' lang='grc' dir='ltr'><strong><em>δὲ</em></strong></span> 
     </span>
     <span class='ocr_line' id='line_1_7' title="bbox 78 1052 772 1135; baseline -0.003 -20"><span class='ocrx_word' id='word_1_44' title='bbox 78 1054 135 1115; x_wconf 89' lang='grc' dir='ltr'><strong><em>ἀπὸ</em></strong></span> <span class='ocrx_word' id='word_1_45' title='bbox 156 1055 363 1134; x_wconf 84' lang='grc' dir='ltr'><strong><em>μονοβάμονος</em></strong></span> <span class='ocrx_word' id='word_1_46' title='bbox 381 1052 487 1134; x_wconf 80' lang='grc' dir='ltr'><strong><em>μέτρον</em></strong></span> <span class='ocrx_word' id='word_1_47' title='bbox 506 1053 553 1115; x_wconf 76' lang='grc' dir='ltr'><strong><em>ἐπὶ</em></strong></span> <span class='ocrx_word' id='word_1_48' title='bbox 572 1054 644 1135; x_wconf 80' lang='grc' dir='ltr'><strong><em>μέγα</em></strong></span> <span class='ocrx_word' id='word_1_49' title='bbox 663 1052 772 1127; x_wconf 79' lang='grc' dir='ltr'><strong><em>αόξειν.</em></strong></span> 
     </span>
    </p>

    <p class='ocr_par' dir='ltr' id='par_1_5' title="bbox 78 1159 1090 1340">
     <span class='ocr_line' id='line_1_8' title="bbox 145 1159 1090 1241; baseline 0.004 -21"><span class='ocrx_word' id='word_1_50' title='bbox 145 1163 171 1220; x_wconf 88' lang='lat' dir='ltr'><strong><em>b.</em></strong></span> <span class='ocrx_word' id='word_1_51' title='bbox 195 1160 253 1222; x_wconf 90' lang='grc' dir='ltr'><strong><em>ἀπὸ</em></strong></span> <span class='ocrx_word' id='word_1_52' title='bbox 277 1170 329 1221; x_wconf 88' lang='grc' dir='ltr'><strong><em>τοῦ</em></strong></span> <span class='ocrx_word' id='word_1_53' title='bbox 352 1161 469 1241; x_wconf 85' lang='grc' dir='ltr'><strong><em>πρώτου</em></strong></span> <span class='ocrx_word' id='word_1_54' title='bbox 495 1162 573 1240; x_wconf 73' lang='grc' dir='ltr'><strong><em>ἥξεις</em></strong></span> <span class='ocrx_word' id='word_1_55' title='bbox 599 1159 646 1222; x_wconf 83' lang='grc' dir='ltr'><strong><em>ε’πί</em></strong></span> <span class='ocrx_word' id='word_1_56' title='bbox 669 1161 700 1223; x_wconf 91' lang='grc' dir='ltr'><strong><em>τὸ</em></strong></span> <span class='ocrx_word' id='word_1_57' title='bbox 723 1167 886 1224; x_wconf 84' lang='grc' dir='ltr'><strong><em>τελευταῖον</em></strong></span> <span class='ocrx_word' id='word_1_58' title='bbox 909 1160 1018 1223; x_wconf 85' lang='grc' dir='ltr'><strong><em>κατιὼν</em></strong></span> <span class='ocrx_word' id='word_1_59' title='bbox 1041 1161 1090 1224; x_wconf 86' lang='grc' dir='ltr'><strong><em>καί</em></strong></span> 
     </span>
     <span class='ocr_line' id='line_1_9' title="bbox 78 1257 491 1340; baseline 0.002 -21"><span class='ocrx_word' id='word_1_60' title='bbox 78 1260 167 1319; x_wconf 86' lang='grc' dir='ltr'><strong><em>πόλιν</em></strong></span> <span class='ocrx_word' id='word_1_61' title='bbox 185 1257 315 1318; x_wconf 80' lang='grc' dir='ltr'><strong><em>ἐπανιὼν</em></strong></span> <span class='ocrx_word' id='word_1_62' title='bbox 334 1257 491 1340; x_wconf 80' lang='grc' dir='ltr'><strong><em>ἀναλόγως.</em></strong></span> 
     </span>
    </p>

    <p class='ocr_par' dir='ltr' id='par_1_6' title="bbox 145 1359 1089 1449">
     <span class='ocr_line' id='line_1_10' title="bbox 145 1359 1089 1449; baseline 0.004 -25"><span class='ocrx_word' id='word_1_63' title='bbox 145 1385 168 1424; x_wconf 88' lang='grc' dir='ltr'><strong><em>ο.</em></strong></span> <span class='ocrx_word' id='word_1_64' title='bbox 194 1359 296 1444; x_wconf 79' lang='grc' dir='ltr'><strong><em>[φησί]</em></strong></span> <span class='ocrx_word' id='word_1_65' title='bbox 321 1362 388 1425; x_wconf 81' lang='grc' dir='ltr'><strong><em>ὅδὲ</em></strong></span> <span class='ocrx_word' id='word_1_66' title='bbox 411 1374 495 1437; x_wconf 92' lang='grc' dir='ltr'><strong><em>νοῦς·</em></strong></span> <span class='ocrx_word' id='word_1_67' title='bbox 520 1374 605 1427; x_wconf 89' lang='grc' dir='ltr'><strong><em>τοῦτο</em></strong></span> <span class='ocrx_word' id='word_1_68' title='bbox 624 1365 656 1426; x_wconf 90' lang='grc' dir='ltr'><strong><em>τὸ</em></strong></span> <span class='ocrx_word' id='word_1_69' title='bbox 679 1359 740 1449; x_wconf 73' lang='grc' dir='ltr'><strong><em>ᾠὸν</em></strong></span> <span class='ocrx_word' id='word_1_70' title='bbox 760 1364 775 1427; x_wconf 89' lang='grc' dir='ltr'>ὁ</span> <span class='ocrx_word' id='word_1_71' title='bbox 799 1367 923 1445; x_wconf 80' lang='grc' dir='ltr'><strong><em>ποιητής</em></strong></span> <span class='ocrx_word' id='word_1_72' title='bbox 947 1385 1040 1445; x_wconf 85' lang='grc' dir='ltr'><strong><em>φησιν</em></strong></span> <span class='ocrx_word' id='word_1_73' title='bbox 1061 1367 1089 1441; x_wconf 78' lang='grc' dir='ltr'><strong><em>ἐξ</em></strong></span> 
     </span>
    </p>

    <p class='ocr_par' dir='ltr' id='par_1_7' title="bbox 39 1457 1091 1939">
     <span class='ocr_line' id='line_1_11' title="bbox 39 1457 1090 1545; baseline -0.003 -17"><span class='ocrx_word' id='word_1_74' title='bbox 39 1488 65 1528; x_wconf 81' lang='grc' dir='ltr'><strong><em>ιο</em></strong></span> <span class='ocrx_word' id='word_1_75' title='bbox 80 1461 207 1540; x_wconf 81' lang='grc' dir='ltr'><strong><em>ἀηδόνος</em></strong></span> <span class='ocrx_word' id='word_1_76' title='bbox 228 1461 366 1542; x_wconf 79' lang='grc' dir='ltr'><strong><em>γενέσθαι</em></strong></span> <span class='ocrx_word' id='word_1_77' title='bbox 388 1462 438 1523; x_wconf 82' lang='grc' dir='ltr'><strong><em>καὶ</em></strong></span> <span class='ocrx_word' id='word_1_78' title='bbox 456 1473 508 1541; x_wconf 78' lang='grc' dir='ltr'><strong><em>τῆς</em></strong></span> <span class='ocrx_word' id='word_1_79' title='bbox 526 1461 633 1524; x_wconf 77' lang='grc' dir='ltr'><strong><em>ἑαυτοῦ</em></strong></span> <span class='ocrx_word' id='word_1_80' title='bbox 653 1464 819 1545; x_wconf 84' lang='grc' dir='ltr'><strong><em>φροντίδος.</em></strong></span> <span class='ocrx_word' id='word_1_81' title='bbox 851 1468 1018 1544; x_wconf 86' lang='grc' dir='ltr'><strong><em>παρακαλεῖ</em></strong></span> <span class='ocrx_word' id='word_1_82' title='bbox 1035 1457 1090 1525; x_wconf 79' lang='grc' dir='ltr'><strong><em>οὖν</em></strong></span> 
     </span>
     <span class='ocr_line' id='line_1_12' title="bbox 80 1556 1090 1645; baseline 0.003 -25"><span class='ocrx_word' id='word_1_83' title='bbox 80 1558 222 1633; x_wconf 78' lang='grc' dir='ltr'><strong><em>δέξασθαι</em></strong></span> <span class='ocrx_word' id='word_1_84' title='bbox 241 1556 310 1639; x_wconf 85' lang='grc' dir='ltr'><strong><em>μεθ’</em></strong></span> <span class='ocrx_word' id='word_1_85' title='bbox 332 1557 444 1641; x_wconf 77' lang='grc' dir='ltr'><strong><em>ἡδονῆς</em></strong></span> <span class='ocrx_word' id='word_1_86' title='bbox 464 1560 496 1623; x_wconf 88' lang='grc' dir='ltr'><strong><em>τὸ</em></strong></span> <span class='ocrx_word' id='word_1_87' title='bbox 516 1557 576 1645; x_wconf 79' lang='grc' dir='ltr'><strong><em>ᾠόν</em></strong></span> <span class='ocrx_word' id='word_1_88' title='bbox 595 1557 753 1642; x_wconf 82' lang='grc' dir='ltr'><strong><em>[δέξασθαι</em></strong></span> <span class='ocrx_word' id='word_1_89' title='bbox 771 1561 803 1622; x_wconf 80' lang='grc' dir='ltr'><strong><em>δι’</em></strong></span> <span class='ocrx_word' id='word_1_90' title='bbox 822 1580 896 1641; x_wconf 88' lang='grc' dir='ltr'><strong><em>φησι</em></strong></span> <span class='ocrx_word' id='word_1_91' title='bbox 914 1572 986 1622; x_wconf 83' lang='grc' dir='ltr'><strong><em>πᾶσι</em></strong></span> <span class='ocrx_word' id='word_1_92' title='bbox 1004 1572 1090 1624; x_wconf 92' lang='grc' dir='ltr'><strong><em>τοῦτο</em></strong></span> 
     </span>
     <span class='ocr_line' id='line_1_13' title="bbox 78 1648 1091 1742; baseline 0.002 -24"><span class='ocrx_word' id='word_1_93' title='bbox 78 1655 234 1740; x_wconf 82' lang='grc' dir='ltr'><strong><em>παραινεῖ]</em></strong></span> <span class='ocrx_word' id='word_1_94' title='bbox 253 1657 282 1739; x_wconf 89' lang='grc'><strong><em>&lt;.</em></strong></span> <span class='ocrx_word' id='word_1_95' title='bbox 297 1707 303 1720; x_wconf 91' lang='grc'><strong>.</strong></span> <span class='ocrx_word' id='word_1_96' title='bbox 321 1657 349 1740; x_wconf 87' lang='grc'><strong><em>.&gt;</em></strong></span> <span class='ocrx_word' id='word_1_97' title='bbox 367 1653 422 1738; x_wconf 79' lang='grc' dir='ltr'><strong><em>ὑφ’</em></strong></span> <span class='ocrx_word' id='word_1_98' title='bbox 440 1653 551 1741; x_wconf 84' lang='grc' dir='ltr'><strong><em>Ἑρμοῦ</em></strong></span> <span class='ocrx_word' id='word_1_99' title='bbox 574 1661 652 1741; x_wconf 83' lang='grc' dir='ltr'><strong><em>τάχει</em></strong></span> <span class='ocrx_word' id='word_1_100' title='bbox 675 1658 860 1742; x_wconf 79' lang='grc' dir='ltr'><strong><em>χρησαμένου</em></strong></span> <span class='ocrx_word' id='word_1_101' title='bbox 881 1658 931 1722; x_wconf 83' lang='grc' dir='ltr'><strong><em>καί</em></strong></span> <span class='ocrx_word' id='word_1_102' title='bbox 948 1659 985 1720; x_wconf 80' lang='grc' dir='ltr'><strong><em>τὰ</em></strong></span> <span class='ocrx_word' id='word_1_103' title='bbox 998 1648 1091 1740; x_wconf 46' lang='grc' dir='ltr'><strong><em>χμέτρα</em></strong></span> 
     </span>
     <span class='ocr_line' id='line_1_14' title="bbox 79 1757 1090 1839; baseline 0 -21"><span class='ocrx_word' id='word_1_104' title='bbox 79 1758 127 1818; x_wconf 84' lang='grc' dir='ltr'><strong><em>καί</em></strong></span> <span class='ocrx_word' id='word_1_105' title='bbox 155 1758 225 1832; x_wconf 80' lang='grc' dir='ltr'><strong><em>τοὺς</em></strong></span> <span class='ocrx_word' id='word_1_106' title='bbox 253 1759 390 1839; x_wconf 79' lang='grc' dir='ltr'><strong><em>ῥυθμοὺς</em></strong></span> <span class='ocrx_word' id='word_1_107' title='bbox 417 1757 579 1838; x_wconf 85' lang='grc' dir='ltr'><strong><em>ἀνομοίους</em></strong></span> <span class='ocrx_word' id='word_1_108' title='bbox 607 1757 695 1833; x_wconf 86' lang='grc' dir='ltr'><strong><em>όυτας</em></strong></span> <span class='ocrx_word' id='word_1_109' title='bbox 725 1757 933 1833; x_wconf 83' lang='grc' dir='ltr'><strong><em>ἀποδείξαντος</em></strong></span> <span class='ocrx_word' id='word_1_110' title='bbox 961 1757 1090 1838; x_wconf 82' lang='grc' dir='ltr'><strong><em>ὁμοίους.</em></strong></span> 
     </span>
     <span class='ocr_line' id='line_1_15' title="bbox 79 1855 1091 1939; baseline -0.001 -22"><span class='ocrx_word' id='word_1_111' title='bbox 79 1856 237 1939; x_wconf 83' lang='grc' dir='ltr'><strong><em>ἀλληγορεῖ</em></strong></span> <span class='ocrx_word' id='word_1_112' title='bbox 260 1856 291 1919; x_wconf 84' lang='grc' dir='ltr'><strong><em>δὲ</em></strong></span> <span class='ocrx_word' id='word_1_113' title='bbox 319 1859 501 1939; x_wconf 80' lang='grc' dir='ltr'><strong><em>παρεικάζων</em></strong></span> <span class='ocrx_word' id='word_1_114' title='bbox 528 1858 583 1936; x_wconf 82' lang='grc' dir='ltr'><strong><em>τὴν</em></strong></span> <span class='ocrx_word' id='word_1_115' title='bbox 606 1869 665 1919; x_wconf 91' lang='grc' dir='ltr'><strong><em>τῶν</em></strong></span> <span class='ocrx_word' id='word_1_116' title='bbox 693 1859 794 1919; x_wconf 82' lang='grc' dir='ltr'><strong><em>ποδῶν</em></strong></span> <span class='ocrx_word' id='word_1_117' title='bbox 822 1855 917 1938; x_wconf 79' lang='grc' dir='ltr'><strong><em>ὁρμὴν</em></strong></span> <span class='ocrx_word' id='word_1_118' title='bbox 940 1865 992 1917; x_wconf 90' lang='grc' dir='ltr'><strong><em>τοῦ</em></strong></span> <span class='ocrx_word' id='word_1_119' title='bbox 1015 1862 1091 1917; x_wconf 91' lang='grc' dir='ltr'><strong><em>θεοῦ</em></strong></span> 
     </span>
    </p>

    <p class='ocr_par' dir='ltr' id='par_1_8' title="bbox 39 1953 1091 2426">
     <span class='ocr_line' id='line_1_16' title="bbox 39 1953 1089 2036; baseline -0.004 -18"><span class='ocrx_word' id='word_1_120' title='bbox 39 1978 63 2018; x_wconf 81' lang='grc' dir='ltr'><strong><em>ιι</em></strong></span> <span class='ocrx_word' id='word_1_121' title='bbox 79 1958 209 2035; x_wconf 81' lang='grc' dir='ltr'><strong><em>νεβροΐς,</em></strong></span> <span class='ocrx_word' id='word_1_122' title='bbox 234 1958 265 2015; x_wconf 77' lang='grc' dir='ltr'><strong><em>αἳ</em></strong></span> <span class='ocrx_word' id='word_1_123' title='bbox 287 1965 423 2036; x_wconf 82' lang='grc' dir='ltr'><strong><em>σκιρτῶσι</em></strong></span> <span class='ocrx_word' id='word_1_124' title='bbox 446 1966 498 2035; x_wconf 77' lang='grc' dir='ltr'><strong><em>τῆς</em></strong></span> <span class='ocrx_word' id='word_1_125' title='bbox 517 1955 626 2035; x_wconf 86' lang='grc' dir='ltr'><strong><em>μητρὸς</em></strong></span> <span class='ocrx_word' id='word_1_126' title='bbox 645 1965 698 2016; x_wconf 91' lang='grc' dir='ltr'><strong><em>τοῦ</em></strong></span> <span class='ocrx_word' id='word_1_127' title='bbox 715 1955 857 2035; x_wconf 81' lang='grc' dir='ltr'><strong><em>γάλακτος</em></strong></span> <span class='ocrx_word' id='word_1_128' title='bbox 876 1953 1089 2032; x_wconf 78' lang='grc' dir='ltr'><strong><em>ἐπιθυμοῦσαν·</em></strong></span> 
     </span>
     <span class='ocr_line' id='line_1_17' title="bbox 79 2039 1091 2133; baseline -0.002 -19"><span class='ocrx_word' id='word_1_129' title='bbox 79 2055 156 2114; x_wconf 83' lang='grc' dir='ltr'><strong><em>οότω</em></strong></span> <span class='ocrx_word' id='word_1_130' title='bbox 185 2051 259 2131; x_wconf 82' lang='grc' dir='ltr'><strong><em>φησί</em></strong></span> <span class='ocrx_word' id='word_1_131' title='bbox 287 2039 482 2132; x_wconf 81' lang='grc' dir='ltr'><strong><em>σκιρτήσαντα</em></strong></span> <span class='ocrx_word' id='word_1_132' title='bbox 509 2052 561 2114; x_wconf 88' lang='grc' dir='ltr'><strong><em>τὸν</em></strong></span> <span class='ocrx_word' id='word_1_133' title='bbox 583 2047 698 2133; x_wconf 76' lang='grc' dir='ltr'><strong><em>Ἑρμῆν</em></strong></span> <span class='ocrx_word' id='word_1_134' title='bbox 726 2051 889 2130; x_wconf 80' lang='grc' dir='ltr'><strong><em>εὐρύθμοις</em></strong></span> <span class='ocrx_word' id='word_1_135' title='bbox 917 2051 1091 2131; x_wconf 77' lang='grc' dir='ltr'><strong><em>σκιρτήμασι</em></strong></span> 
     </span>
     <span class='ocr_line' id='line_1_18' title="bbox 79 2147 1090 2231; baseline 0 -21"><span class='ocrx_word' id='word_1_136' title='bbox 79 2151 167 2230; x_wconf 84' lang='grc' dir='ltr'><strong><em>μέτρα</em></strong></span> <span class='ocrx_word' id='word_1_137' title='bbox 179 2149 445 2231; x_wconf 81' lang='grc' dir='ltr'><strong><em>ἀναφθεγξάμενον</em></strong></span> <span class='ocrx_word' id='word_1_138' title='bbox 456 2151 644 2230; x_wconf 86' lang='grc' dir='ltr'><strong><em>παραδοῦναι</em></strong></span> <span class='ocrx_word' id='word_1_139' title='bbox 655 2160 707 2229; x_wconf 78' lang='grc' dir='ltr'><strong><em>τῆς</em></strong></span> <span class='ocrx_word' id='word_1_140' title='bbox 719 2150 837 2229; x_wconf 90' lang='grc' dir='ltr'><strong><em>Δωρίας</em></strong></span> <span class='ocrx_word' id='word_1_141' title='bbox 849 2147 990 2227; x_wconf 89' lang='grc' dir='ltr'><strong><em>ἀηδόνος·</em></strong></span> <span class='ocrx_word' id='word_1_142' title='bbox 1004 2158 1090 2210; x_wconf 85' lang='grc' dir='ltr'><strong><em>τοῦτο</em></strong></span> 
     </span>
     <span class='ocr_line' id='line_1_19' title="bbox 80 2241 1090 2327; baseline -0.001 -18"><span class='ocrx_word' id='word_1_143' title='bbox 80 2247 111 2309; x_wconf 83' lang='grc' dir='ltr'><strong><em>δέ</em></strong></span> <span class='ocrx_word' id='word_1_144' title='bbox 130 2265 234 2327; x_wconf 84' lang='grc' dir='ltr'><strong><em>φησιν,</em></strong></span> <span class='ocrx_word' id='word_1_145' title='bbox 254 2249 297 2309; x_wconf 84' lang='grc' dir='ltr'><strong><em>ότι</em></strong></span> <span class='ocrx_word' id='word_1_146' title='bbox 311 2245 421 2320; x_wconf 86' lang='grc' dir='ltr'><strong><em>Ῥόδιος</em></strong></span> <span class='ocrx_word' id='word_1_147' title='bbox 440 2247 543 2327; x_wconf 77' lang='grc' dir='ltr'><strong><em>αότός,</em></strong></span> <span class='ocrx_word' id='word_1_148' title='bbox 562 2245 581 2326; x_wconf 79' lang='grc' dir='ltr'><em>ἡ</em></span> <span class='ocrx_word' id='word_1_149' title='bbox 602 2246 633 2310; x_wconf 79' lang='grc' dir='ltr'><strong><em>δὲ</em></strong></span> <span class='ocrx_word' id='word_1_150' title='bbox 648 2241 746 2322; x_wconf 83' lang='grc' dir='ltr'><strong><em>Ῥόδος</em></strong></span> <span class='ocrx_word' id='word_1_151' title='bbox 766 2248 817 2327; x_wconf 90' lang='grc' dir='ltr'><strong><em>μία</em></strong></span> <span class='ocrx_word' id='word_1_152' title='bbox 836 2257 894 2308; x_wconf 88' lang='grc' dir='ltr'><strong><em>τῶν</em></strong></span> <span class='ocrx_word' id='word_1_153' title='bbox 912 2246 1014 2325; x_wconf 78' lang='grc' dir='ltr'><strong><em>νήσων</em></strong></span> <span class='ocrx_word' id='word_1_154' title='bbox 1032 2256 1090 2308; x_wconf 88' lang='grc' dir='ltr'><strong><em>τῶν</em></strong></span> 
     </span>
     <span class='ocr_line' id='line_1_20' title="bbox 80 2344 226 2426; baseline 0.007 -20"><span class='ocrx_word' id='word_1_155' title='bbox 80 2344 226 2426; x_wconf 79' lang='grc' dir='ltr'><strong><em>Δωριέων.</em></strong></span> 
     </span>
    </p>

    <p class='ocr_par' dir='ltr' id='par_1_9' title="bbox 40 2457 1091 2641">
     <span class='ocr_line' id='line_1_21' title="bbox 40 2457 1091 2543; baseline -0.005 -16"><span class='ocrx_word' id='word_1_156' title='bbox 40 2489 65 2528; x_wconf 81' lang='grc' dir='ltr'><strong><em>ιο</em></strong></span> <span class='ocrx_word' id='word_1_157' title='bbox 149 2457 229 2543; x_wconf 75' lang='grc' dir='ltr'>9ί10,</span> <span class='ocrx_word' id='word_1_158' title='bbox 255 2462 504 2542; x_wconf 83' lang='grc' dir='ltr'><strong><em>μονοβάμουος</em></strong></span> <span class='ocrx_word' id='word_1_159' title='bbox 526 2459 557 2522; x_wconf 75' lang='grc' dir='ltr'><strong><em>δὲ</em></strong></span> <span class='ocrx_word' id='word_1_160' title='bbox 579 2461 723 2542; x_wconf 84' lang='grc' dir='ltr'><strong><em>μέτρον,</em></strong></span> <span class='ocrx_word' id='word_1_161' title='bbox 743 2461 786 2522; x_wconf 84' lang='grc' dir='ltr'><strong><em>ότι</em></strong></span> <span class='ocrx_word' id='word_1_162' title='bbox 804 2459 862 2524; x_wconf 86' lang='grc' dir='ltr'><strong><em>ἀπὸ</em></strong></span> <span class='ocrx_word' id='word_1_163' title='bbox 881 2460 1030 2542; x_wconf 77' lang='grc' dir='ltr'><strong><em>ἐλαχίστου</em></strong></span> <span class='ocrx_word' id='word_1_164' title='bbox 1050 2461 1091 2535; x_wconf 86' lang='grc' dir='ltr'><strong><em>είς</em></strong></span> 
     </span>
     <span class='ocr_line' id='line_1_22' title="bbox 80 2560 432 2641; baseline 0 -21"><span class='ocrx_word' id='word_1_165' title='bbox 80 2560 255 2641; x_wconf 82' lang='grc' dir='ltr'><strong><em>δεκόμετρον</em></strong></span> <span class='ocrx_word' id='word_1_166' title='bbox 273 2565 432 2639; x_wconf 78' lang='grc' dir='ltr'><strong><em>προῆλθεν.</em></strong></span> 
     </span>
    </p>

    <p class='ocr_par' dir='ltr' id='par_1_10' title="bbox 79 2670 1091 2856">
     <span class='ocr_line' id='line_1_23' title="bbox 148 2670 1091 2758; baseline -0.001 -22"><span class='ocrx_word' id='word_1_167' title='bbox 148 2682 221 2736; x_wconf 76' lang='lat' dir='ltr'>lla.</span> <span class='ocrx_word' id='word_1_168' title='bbox 242 2683 336 2749; x_wconf 85' lang='grc' dir='ltr'><strong><em>θοῶς</em></strong></span> <span class='ocrx_word' id='word_1_169' title='bbox 355 2670 382 2736; x_wconf 85' lang='grc' dir='ltr'><strong><em>δ’</em></strong></span> <span class='ocrx_word' id='word_1_170' title='bbox 395 2676 553 2758; x_wconf 81' lang='grc' dir='ltr'><strong><em>ῦπερθεν</em></strong></span> <span class='ocrx_word' id='word_1_171' title='bbox 568 2673 639 2738; x_wconf 80' lang='grc' dir='ltr'><strong><em>ὠκὺ</em></strong></span> <span class='ocrx_word' id='word_1_172' title='bbox 657 2673 811 2757; x_wconf 74' lang='grc' dir='ltr'><strong><em>λόχριονι</em></strong></span> <span class='ocrx_word' id='word_1_173' title='bbox 830 2673 973 2753; x_wconf 79' lang='grc' dir='ltr'><strong><em>ἐπειδὴτὸ</em></strong></span> <span class='ocrx_word' id='word_1_174' title='bbox 986 2674 1091 2757; x_wconf 81' lang='grc' dir='ltr'><strong><em>μέτρον</em></strong></span> 
     </span>
     <span class='ocr_line' id='line_1_24' title="bbox 79 2771 964 2856; baseline -0.001 -22"><span class='ocrx_word' id='word_1_175' title='bbox 79 2776 203 2856; x_wconf 87' lang='grc' dir='ltr'><strong><em>πλάγιον</em></strong></span> <span class='ocrx_word' id='word_1_176' title='bbox 221 2773 271 2834; x_wconf 82' lang='grc' dir='ltr'><strong><em>καί</em></strong></span> <span class='ocrx_word' id='word_1_177' title='bbox 290 2773 345 2835; x_wconf 83' lang='grc' dir='ltr'><strong><em>οῦκ</em></strong></span> <span class='ocrx_word' id='word_1_178' title='bbox 364 2771 469 2854; x_wconf 87' lang='grc' dir='ltr'><strong><em>όρθόν,</em></strong></span> <span class='ocrx_word' id='word_1_179' title='bbox 488 2772 560 2834; x_wconf 87' lang='grc' dir='ltr'><strong><em>ἀλλά</em></strong></span> <span class='ocrx_word' id='word_1_180' title='bbox 578 2772 651 2834; x_wconf 83' lang='grc' dir='ltr'><strong><em>κατὰ</em></strong></span> <span class='ocrx_word' id='word_1_181' title='bbox 669 2773 774 2854; x_wconf 88' lang='grc' dir='ltr'><strong><em>μικρὸν</em></strong></span> <span class='ocrx_word' id='word_1_182' title='bbox 793 2772 964 2852; x_wconf 80' lang='grc' dir='ltr'><strong><em>αὐξόμενον.</em></strong></span> 
     </span>
    </p>

    <p class='ocr_par' dir='ltr' id='par_1_11' title="bbox 79 2906 1091 3178">
     <span class='ocr_line' id='line_1_25' title="bbox 152 2906 1090 2999; baseline -0.002 -35"><span class='ocrx_word' id='word_1_183' title='bbox 152 2911 247 2965; x_wconf 85' lang='lat' dir='ltr'>Liber:</span> <span class='ocrx_word' id='word_1_184' title='bbox 268 2912 352 2965; x_wconf 87' lang='lat' dir='ltr'><strong>Anth.</strong></span> <span class='ocrx_word' id='word_1_185' title='bbox 367 2911 426 2964; x_wconf 82' lang='lat' dir='ltr'><strong><em>Pal</em></strong></span> <span class='ocrx_word' id='word_1_186' title='bbox 442 2912 493 2964; x_wconf 88' lang='lat' dir='ltr'><strong><em>XV</em></strong></span> <span class='ocrx_word' id='word_1_187' title='bbox 508 2916 540 2963; x_wconf 76' lang='lat'><strong><em>27</em></strong></span> <span class='ocrx_word' id='word_1_188' title='bbox 614 2910 681 2964; x_wconf 81' lang='lat' dir='ltr'><strong>Tit:</strong></span> <span class='ocrx_word' id='word_1_189' title='bbox 703 2907 826 2999; x_wconf 88' lang='grc' dir='ltr'><strong><em>Σιμμίου</em></strong></span> <span class='ocrx_word' id='word_1_190' title='bbox 838 2906 1090 2964; x_wconf 88' lang='grc' dir='ltr'><strong><em>ΡοδίονώόυΗο-</em></strong></span> 
     </span>
     <span class='ocr_line' id='line_1_26' title="bbox 79 2977 1091 3070; baseline 0.001 -36"><span class='ocrx_word' id='word_1_191' title='bbox 79 2978 756 3072; x_wconf 52' lang='lat' dir='ltr'><strong><em>lobolus(c‚Laur.Ashb.11&#39;14):Batavu&#39;vov</em></strong></span> <span class='ocrx_word' id='word_1_192' title='bbox 749 2977 861 3034; x_wconf 90' lang='grc' dir='ltr'><strong><em>Ροδίον</em></strong></span> <span class='ocrx_word' id='word_1_193' title='bbox 880 2977 935 3053; x_wconf 80' lang='grc' dir='ltr'><strong><em>ᾠὸν</em></strong></span> <span class='ocrx_word' id='word_1_194' title='bbox 950 2979 1091 3050; x_wconf 82' lang='grc' dir='ltr'><strong><em>χελιδόνος</em></strong></span> 
     </span>
     <span class='ocr_line' id='line_1_27' title="bbox 79 3035 1090 3123; baseline 0.001 -18"><span class='ocrx_word' id='word_1_195' title='bbox 79 3053 160 3107; x_wconf 80' lang='lat' dir='ltr'>inser</span> <span class='ocrx_word' id='word_1_196' title='bbox 176 3059 270 3107; x_wconf 61' lang='grc' dir='ltr'><strong><em>Δυκίας</em></strong></span> <span class='ocrx_word' id='word_1_197' title='bbox 294 3059 358 3123; x_wconf 90' lang='grc' dir='ltr'><strong><em>Βη.σ</em></strong></span> <span class='ocrx_word' id='word_1_198' title='bbox 376 3051 447 3106; x_wconf 90' lang='grc' dir='ltr'><strong><em>Ροδ</em></strong></span> <span class='ocrx_word' id='word_1_199' title='bbox 468 3049 530 3122; x_wconf 80' lang='grc' dir='ltr'><strong><em>ᾠόν.</em></strong></span> <span class='ocrx_word' id='word_1_200' title='bbox 551 3049 756 3119; x_wconf 79' lang='grc' dir='ltr'><strong><em>ἢΔωσιοίδα</em></strong></span> <span class='ocrx_word' id='word_1_201' title='bbox 741 3072 758 3118; x_wconf 94' lang='grc' dir='ltr'><strong><em>η</em></strong></span> <span class='ocrx_word' id='word_1_202' title='bbox 778 3035 912 3119; x_wconf 83' lang='grc' dir='ltr'><strong><em>Σιμμίου·</em></strong></span> <span class='ocrx_word' id='word_1_203' title='bbox 936 3049 1090 3121; x_wconf 83' lang='grc' dir='ltr'><strong><em>ἀμφότεροι</em></strong></span> 
     </span>
     <span class='ocr_line' id='line_1_28' title="bbox 75 3075 1089 3191; baseline 0 -15"><span class='ocrx_word' id='word_1_204' title='bbox 75 3121 179 3178; x_wconf 89' lang='grc' dir='ltr'><strong><em>Ρόδιοι</em></strong></span> <span class='ocrx_word' id='word_1_205' title='bbox 205 3125 310 3178; x_wconf 82' lang='lat' dir='ltr'><strong>subscr.</strong></span> <span class='ocrx_word' id='word_1_206' title='bbox 318 3075 429 3176; x_wconf 51' lang='lat' dir='ltr'><strong>natnth</strong></span> <span class='ocrx_word' id='word_1_207' title='bbox 458 3129 523 3191; x_wconf 87' lang='grc' dir='ltr'><strong><em>Βησ</em></strong></span> <span class='ocrx_word' id='word_1_208' title='bbox 553 3120 608 3177; x_wconf 80' lang='grc' dir='ltr'><strong><em>ὠόν</em></strong></span> <span class='ocrx_word' id='word_1_209' title='bbox 635 3123 720 3176; x_wconf 87' lang='lat' dir='ltr'>index</span> <span class='ocrx_word' id='word_1_210' title='bbox 743 3126 821 3174; x_wconf 79' lang='lat' dir='ltr'><strong>Anth.</strong></span> <span class='ocrx_word' id='word_1_211' title='bbox 858 3122 962 3178; x_wconf 76' lang='lat' dir='ltr'>Simiae</span> <span class='ocrx_word' id='word_1_212' title='bbox 989 3139 1089 3177; x_wconf 85' lang='lat' dir='ltr'><strong>nomen</strong></span> 
     </span>
    </p>
   </div>
   <div class='ocr_carea' id='block_1_4' title="bbox 79 3193 1090 3317">
    <p class='ocr_par' dir='ltr' id='par_1_12' title="bbox 79 3193 1090 3317">
     <span class='ocr_line' id='line_1_29' title="bbox 79 3193 1090 3317; baseline -0.003 -69"><span class='ocrx_word' id='word_1_213' title='bbox 79 3194 197 3248; x_wconf 74' lang='lat' dir='ltr'><strong>laudant</strong></span> <span class='ocrx_word' id='word_1_214' title='bbox 224 3198 336 3263; x_wconf 76' lang='lat' dir='ltr'><strong>praeter</strong></span> <span class='ocrx_word' id='word_1_215' title='bbox 363 3193 530 3249; x_wconf 89' lang='lat' dir='ltr'>Holobolum</span> <span class='ocrx_word' id='word_1_216' title='bbox 557 3193 730 3317; x_wconf 71' lang='lat' dir='ltr'>Hephaestio</span> <span class='ocrx_word' id='word_1_217' title='bbox 757 3193 826 3260; x_wconf 83' lang='grc' dir='ltr'><strong><em>Περὶ</em></strong></span> <span class='ocrx_word' id='word_1_218' title='bbox 851 3193 945 3262; x_wconf 84' lang='grc' dir='ltr'><strong><em>ποιήμ.</em></strong></span> <span class='ocrx_word' id='word_1_219' title='bbox 971 3194 1035 3248; x_wconf 88' lang='lat' dir='ltr'><strong>intr.</strong></span> <span class='ocrx_word' id='word_1_220' title='bbox 1057 3200 1090 3248; x_wconf 87' lang='lat'><strong><em>10</em></strong></span> 
     </span>
    </p>
   </div>
   <div class='ocr_carea' id='block_1_5' title="bbox 79 3262 1112 3614">
    <p class='ocr_par' dir='ltr' id='par_1_13' title="bbox 79 3262 1112 3614">
     <span class='ocr_line' id='line_1_30' title="bbox 80 3262 1088 3335; baseline -0.002 -16"><span class='ocrx_word' id='word_1_221' title='bbox 80 3270 137 3335; x_wconf 75' lang='lat'><strong><em>(62,</em></strong></span> <span class='ocrx_word' id='word_1_222' title='bbox 157 3266 376 3334; x_wconf 67' lang='lat' dir='ltr'><strong>tssonsbrueh);</strong></span> <span class='ocrx_word' id='word_1_223' title='bbox 404 3266 472 3319; x_wconf 82' lang='lat' dir='ltr'><strong><em>1V6</em></strong></span> <span class='ocrx_word' id='word_1_224' title='bbox 496 3267 617 3334; x_wconf 81' lang='grc'>(68,12)</span> <span class='ocrx_word' id='word_1_225' title='bbox 645 3267 673 3320; x_wconf 82' lang='lat' dir='ltr'><strong><em>et</em></strong></span> <span class='ocrx_word' id='word_1_226' title='bbox 696 3265 809 3318; x_wconf 82' lang='lat' dir='ltr'><strong>Tzetzes</strong></span> <span class='ocrx_word' id='word_1_227' title='bbox 838 3262 937 3333; x_wconf 71' lang='lat' dir='ltr'><strong>(Uram.</strong></span> <span class='ocrx_word' id='word_1_228' title='bbox 956 3265 1007 3318; x_wconf 81' lang='lat' dir='ltr'><strong><em>An.</em></strong></span> <span class='ocrx_word' id='word_1_229' title='bbox 1028 3265 1088 3319; x_wconf 79' lang='lat' dir='ltr'><strong>Par.</strong></span> 
     </span>
     <span class='ocr_line' id='line_1_31' title="bbox 80 3334 1091 3407; baseline 0 -16"><span class='ocrx_word' id='word_1_230' title='bbox 80 3340 149 3403; x_wconf 82' lang='lat'>165,</span> <span class='ocrx_word' id='word_1_231' title='bbox 164 3342 207 3407; x_wconf 77' lang='lat'><strong><em>25)</em></strong></span> <span class='ocrx_word' id='word_1_232' title='bbox 316 3335 420 3391; x_wconf 73' lang='grc' dir='ltr'><strong><em>νδδὲ</em></strong></span> <span class='ocrx_word' id='word_1_233' title='bbox 439 3345 506 3398; x_wconf 84' lang='grc' dir='ltr'><strong><em>νοῦς</em></strong></span> <span class='ocrx_word' id='word_1_234' title='bbox 523 3335 568 3390; x_wconf 78' lang='grc' dir='ltr'><strong><em>τοί</em></strong></span> <span class='ocrx_word' id='word_1_235' title='bbox 586 3337 654 3405; x_wconf 81' lang='grc' dir='ltr'><strong><em>φησί</em></strong></span> <span class='ocrx_word' id='word_1_236' title='bbox 673 3334 704 3390; x_wconf 82' lang='grc' dir='ltr'><strong><em>δέ</em></strong></span> <span class='ocrx_word' id='word_1_237' title='bbox 722 3334 828 3404; x_wconf 79' lang='lat' dir='ltr'>Bergk:</span> <span class='ocrx_word' id='word_1_238' title='bbox 853 3338 921 3405; x_wconf 82' lang='grc' dir='ltr'><strong><em>φησί</em></strong></span> <span class='ocrx_word' id='word_1_239' title='bbox 940 3337 971 3391; x_wconf 78' lang='grc' dir='ltr'><strong><em>δὲ</em></strong></span> <span class='ocrx_word' id='word_1_240' title='bbox 990 3335 1005 3390; x_wconf 87' lang='grc' dir='ltr'>ὁ</span> <span class='ocrx_word' id='word_1_241' title='bbox 1024 3345 1091 3397; x_wconf 85' lang='grc' dir='ltr'><strong><em>νοῦς</em></strong></span> 
     </span>
     <span class='ocr_line' id='line_1_32' title="bbox 80 3407 1112 3476; baseline -0.003 -14"><span class='ocrx_word' id='word_1_242' title='bbox 80 3410 139 3462; x_wconf 83' lang='lat' dir='ltr'>cod.</span> <span class='ocrx_word' id='word_1_243' title='bbox 229 3419 255 3462; x_wconf 90' lang='lat'><strong><em>11</em></strong></span> <span class='ocrx_word' id='word_1_244' title='bbox 279 3408 393 3462; x_wconf 74' lang='lat' dir='ltr'>seclusit</span> <span class='ocrx_word' id='word_1_245' title='bbox 411 3408 517 3476; x_wconf 84' lang='lat' dir='ltr'>Bergk,</span> <span class='ocrx_word' id='word_1_246' title='bbox 546 3424 609 3461; x_wconf 84' lang='lat' dir='ltr'><strong><em>cum</em></strong></span> <span class='ocrx_word' id='word_1_247' title='bbox 632 3407 676 3460; x_wconf 83' lang='lat' dir='ltr'><strong><em>his</em></strong></span> <span class='ocrx_word' id='word_1_248' title='bbox 699 3407 791 3460; x_wconf 74' lang='lat' dir='ltr'>verbis</span> <span class='ocrx_word' id='word_1_249' title='bbox 815 3407 893 3475; x_wconf 84' lang='lat' dir='ltr'>prius</span> <span class='ocrx_word' id='word_1_250' title='bbox 912 3407 1112 3460; x_wconf 75' lang='lat' dir='ltr'><strong>enuntiatum.</strong></span> 
     </span>
     <span class='ocr_line' id='line_1_33' title="bbox 79 3477 1089 3544; baseline -0.001 -12"><span class='ocrx_word' id='word_1_251' title='bbox 79 3480 240 3534; x_wconf 75' lang='lat' dir='ltr'><strong>variaretur.</strong></span> <span class='ocrx_word' id='word_1_252' title='bbox 272 3480 348 3534; x_wconf 83' lang='lat' dir='ltr'>idem</span> <span class='ocrx_word' id='word_1_253' title='bbox 372 3480 501 3533; x_wconf 72' lang='lat' dir='ltr'>lacunam</span> <span class='ocrx_word' id='word_1_254' title='bbox 521 3479 620 3532; x_wconf 76' lang='lat' dir='ltr'><strong>statuit</strong></span> <span class='ocrx_word' id='word_1_255' title='bbox 707 3489 736 3532; x_wconf 80' lang='lat' dir='ltr'><strong><em>lt</em></strong></span> <span class='ocrx_word' id='word_1_256' title='bbox 754 3477 955 3544; x_wconf 80' lang='grc' dir='ltr'><strong><em>ἀποδείξαντος</em></strong></span> <span class='ocrx_word' id='word_1_257' title='bbox 973 3478 1089 3532; x_wconf 78' lang='lat' dir='ltr'><strong>Jacobs:</strong></span> 
     </span>
     <span class='ocr_line' id='line_1_34' title="bbox 79 3552 203 3614; baseline 0 -9"><span class='ocrx_word' id='word_1_258' title='bbox 79 3573 125 3614; x_wconf 58' lang='grc' dir='ltr'><strong><em>νας</em></strong></span> <span class='ocrx_word' id='word_1_259' title='bbox 144 3552 203 3605; x_wconf 83' lang='lat' dir='ltr'>eod.</span> 
     </span>
    </p>
   </div>
   <div class='ocr_carea' id='block_1_6' title="bbox 0 0 1227 3870">
    <p class='ocr_par' dir='ltr' id='par_1_14' title="bbox 0 0 1227 3870">
     <span class='ocr_line' id='line_1_35' title="bbox 0 0 1227 3870; baseline 0 0"><span class='ocrx_word' id='word_1_260' title='bbox 0 0 1227 3870; x_wconf 95' lang='lat' dir='ltr'><strong><em> </em></strong></span> 
     </span>
    </p>
   </div>
  </div>
 </body>
</html>
