2438 3870
476 155 589 212 Scholia
608 157 633 212 V
647 173 716 212 ο-α
1042 158 1105 223 155

84 348 140 386 του
160 322 278 403 βόσκων
295 321 349 396 τὰς
365 316 462 404 αἶγας,
481 320 497 383 6
512 321 544 385 δὲ
558 325 671 385 Λάκων
685 324 798 404 ποιμὴν
816 323 958 405 Θουριεύς
973 325 1107 404 Σιβύρτα

86 422 188 502 νέμων
212 420 247 482 τδι
269 421 410 502 πρόβατα.
441 421 498 502 ἔχει
521 419 553 482 δέ
578 420 593 483 6
613 420 667 500 μέν
684 423 825 502 Κομάτας
842 420 935 504 κόρην
954 420 1107 504 ἐρωμένην

86 515 265 600 Ἀλκίππην,
284 517 300 582 6
318 517 350 582 δέ
369 518 465 601 ἕτερος
482 517 673 602 <ἐράμενον>
692 520 851 600 Εὐμήδην.

158 646 185 705 b.
208 644 400 726 ἐπιγράφεται
432 642 486 724 μὲν
515 643 548 706 τὸ
576 644 723 705 είδύλλιον
750 653 836 705 τοῦτο
864 644 1030 706 Αίπολικόν
1056 645 1174 706 mun

63 765 77 804 ε
92 741 282 821 Ποιμενικόν.
314 741 574 823 προσδιαλέγονται
594 739 626 803 δέ
644 740 782 821 ἀλλήλοις
794 742 907 821 ποιμὴν
921 741 971 803 καί
986 743 1108 816 αἰπόλος

91 841 140 903 ἐπὶ
154 834 277 913 Ἰταλίας
295 835 335 901 δι’
352 839 528 920 ἀμοιβαίων.
560 840 812 921 δραματικώτερον
832 839 864 901 δέ
883 839 942 901 ἐστι
960 841 992 903 τὸ
1011 841 1108 902 είδύλ-

90 944 156 1000 λιον
173 948 226 1000 τοῦ
243 946 401 1015 ποιητικοῦ
419 939 582 1018 προσώπου
602 937 642 1017 μὴ
662 936 893 1017 ἐμμαινομένου.
926 938 986 1000 ἐστι
1005 936 1037 1000 δέ
1054 947 1107 999 τοῦ

89 1038 215 1100 αἰπόλου
234 1036 266 1098 τὸ
287 1033 381 1115 όνομα
399 1037 539 1115 Κομάτας
558 1036 685 1116 Εὐμάρα
704 1045 757 1097 τοῦ
776 1037 947 1116 Συβαρίτου
966 1035 1108 1115 νέμοντος

89 1130 190 1217 αἶγας,
215 1144 268 1195 τοῦ
295 1131 327 1194 δέ
351 1132 491 1213 ποιμένος
514 1135 627 1195 Λάκων
649 1135 779 1213 Θουρίου
804 1134 942 1214 Σιβύρτα
967 1133 1107 1214 νέμοντος

46 1254 75 1294 ιο
89 1232 254 1314 θρέμματα.
282 1231 339 1311 ἔχει
357 1228 390 1292 δέ
409 1229 425 1292 6
444 1229 498 1310 μέν
512 1232 652 1311 Κομάτας
670 1231 763 1312 κόρην
780 1229 979 1312 ἀγαπωμένην
990 1226 1106 1293 Ἀλκίπ-

89 1344 157 1409 πην
175 1328 322 1408 τούνομα,
346 1325 362 1388 6
385 1327 417 1390 δὲ
441 1327 537 1408 ἕτερος
560 1328 708 1410 ἐρώμενον
729 1329 888 1409 Εὐμήδην.
925 1329 1052 1408 ἐρίζουσι
1076 1329 1108 1392 δέ

90 1427 159 1509 περὶ
176 1426 337 1505 εὐμουσίας
355 1426 435 1508 παρὰ
451 1426 603 1509 Μόρσωνι
621 1437 721 1512 κριτῇ,
743 1424 777 1500 ’ὃς
795 1427 844 1488 καί
862 1434 902 1514 τῷ
919 1428 1032 1514 αίπόλιμ
1053 1428 1108 1506 τὴν

91 1526 180 1604 νίκην
198 1523 346 1604 ἀπονέμει.
379 1522 394 1585 6
414 1522 446 1585 δὲ
465 1522 512 1585 ἐπὶ
530 1536 566 1610 τῇ
585 1526 655 1612 νίκη
673 1527 766 1606 χαίρει
783 1525 832 1586 καὶ
851 1524 988 1607 γέγηθεν.

160 1660 183 1702 ο.
207 1639 398 1722 ἐπιγράφεται
421 1637 475 1719 μέν
495 1639 527 1701 τὸ
547 1641 693 1702 εἰδύλλιον
712 1640 878 1703 Αίπολικὸν
897 1640 946 1702 καί
966 1634 1202 1721 nomem-«bur

52 1757 78 1798 ιτ
92 1739 156 1802 κόν.
193 1726 455 1821 προσδιαλέγονται
484 1736 515 1799 δέ
541 1738 677 1817 ἀλληλοις
704 1738 751 1800 ἐπί
774 1734 896 1813 Ἰταλίας
921 1739 1034 1819 ποιμὴν
1059 1737 1109 1799 καὶ

90 1838 221 1909 αἰπόλος.
253 1835 508 1918 δραματικώτερον
527 1836 560 1897 δέ
578 1837 687 1899 ἔστιτὸ
707 1839 852 1899 εἰδύλλιον
873 1847 926 1899 τοῦ
947 1838 1108 1918 προσώπου

91 1945 144 1998 τοῦ
162 1945 289 2014 ποιητοῦ
309 1933 349 2014 μη
370 1933 599 2013 ἐμμαινομένου.
632 1935 692 1996 ἔστι
711 1932 742 1995 δέ
759 1945 811 1996 τοῦ
826 1935 952 1996 αἰπόλου
966 1935 999 1996 τό
1014 1933 1109 2014 όνομα

89 2035 243 2113 Κομάτας,
261 2029 294 2106 ὃς
307 2032 437 2113 Εὐμάρα
455 2043 507 2094 τοῦ
522 2034 695 2114 Συβαρίτου
713 2032 794 2111 νέμει
813 2027 910 2112 αἶγας·
930 2042 982 2094 τοῦ
998 2031 1030 2093 δέ
1044 2055 1108 2094 ποι-

91 2131 182 2212 μένος
199 2131 327 2210 Λάκων,
350 2127 384 2204 ὃς
405 2132 536 2212 Θουρίου
555 2131 689 2212 Σιβύρτα
707 2128 787 2208 νέμει
806 2128 969 2210 θρέμματα.
1002 2129 1059 2210 ἔχει
1078 2129 1110 2191 δέ

49 2228 109 2292 ιοό
129 2227 184 2308 μὲν
201 2229 341 2306 Κομάτας
361 2228 455 2308 κόρην
474 2227 675 2309 ἀγαπωμένην
690 2222 854 2306 Ἀλκίππην
872 2226 1019 2308 τούνομα,
1044 2227 1059 2289 6
1079 2227 1110 2290 δὲ

93 2327 208 2388 Λάκων
230 2323 377 2408 ἐρώμενον
396 2328 554 2406 Εὐμήδην.
586 2325 731 2403 ἀλλήλους
756 2324 787 2386 δέ
807 2331 1026 2408 προκαλοῦνται
1044 2327 1110 2408 περὶ

94 2421 256 2501 εὐμουσίας
279 2422 419 2506 ἐρίζοντες
445 2424 495 2486 καὶ
520 2424 654 2486 ἔπαθλον
677 2434 729 2504 τῆς
752 2425 838 2503 νίκης
861 2426 994 2486 τίθενται
1019 2423 1034 2486 6
1057 2423 1110 2503 μέν

95 2519 218 2594 αίπόλος
235 2521 354 2604 τράγον,
373 2521 388 2583 6
408 2521 440 2584 δὲ
458 2522 573 2602 ποιμὴν
591 2520 697 2601 ἀμνόν,
716 2522 871 2604 Μόρσωνα
888 2521 921 2585 δὲ
934 2523 1038 2604 κριτὴν
1052 2533 1111 2584 τῶν

94 2612 181 2705 ᾠδῶν
195 2619 355 2700 αἱροῦνται.
384 2622 560 2682 τελεσάντων
576 2617 607 2681 δέ
621 2619 677 2699 τὴν
691 2621 816 2699 άμιλλαν
830 2619 845 2681 6
860 2621 961 2703 κριτὴς
974 2622 1111 2701 Μάρσων

50 2736 78 2778 2⁵
93 2723 133 2801 τῷ
148 2717 260 2801 αἰπόλῳ
279 2717 334 2797 τὴν
353 2720 442 2798 νίκην
461 2717 609 2798 ἀπονέμει.
643 2716 658 2778 6
678 2716 710 2779 δέ
728 2717 777 2779 ἐπὶ
795 2729 830 2803 τῇ
849 2721 918 2804 νίκη
937 2729 1047 2801 γαῦρος
1063 2741 1110 2800 γε·

91 2815 218 2894 νόμενος
244 2815 483 2898 προσδιαλέγεται
507 2823 571 2889 ταῖς
596 2815 655 2889 aigi
680 2816 730 2877 καὶ
755 2816 810 2895 τὴν
835 2827 887 2877 τοῦ
910 2818 1019 2897 τράγου
1037 2816 1112 2894 πρὸς

92 2923 153 2974 τῶν
171 2913 265 2994 αὐγῦον
284 2911 380 2994 όρεξιν
399 2925 533 2994 πειρᾶται
546 2913 746 2975 καταστέλλειν
760 2913 906 2975 ἐπινίκιον
921 2917 1033 2974 θυσίαν
1048 2919 1111 2986 ταῖς

93 3011 241 3090 Νύμφαις
260 3011 443 3093 εὐτρεπίζων.

165 3262 181 3304 ο
200 3252 328 3322 supplevi
418 3265 433 3305 ο
452 3255 622 3322 δραμ-οίὸ.
644 3255 679 3308 de
698 3255 752 3307 fine
771 3255 929 3324 argumenti
947 3255 1002 3308 huc
1020 3257 1112 3308 trans-

92 3323 148 3377 tuli
194 3324 259 3393 τμὴ
277 3341 331 3378 om.
345 3330 404 3390 ΕΔ,
423 3341 558 3393 superscr.
572 3330 595 3377 U
634 3323 868 3396 οΣυβαρίτουΕ
919 3337 945 3379 ιο
963 3327 1012 3379 καί
1029 3333 1111 3380 τοῦτο

93 3399 161 3450 ante
177 3393 209 3449 τὸ
224 3395 276 3449 είδ.
291 3396 355 3448 add.
370 3401 424 3462 ΡΤ,
444 3396 478 3449 cf.
494 3412 552 3466 arg.
567 3397 607 3450 Ib
675 3407 703 3450 1⁰
718 3397 844 3468 Σιβόρτα
859 3404 915 3452 θΡε
931 3396 1066 3467 Συβάρτα
1079 3403 1111 3449 T:

94 3462 258 3537 Συβαρίτου
275 3467 313 3519 Kb
380 3477 409 3519 22
427 3464 539 3522 τίθεται
557 3468 594 3520 Kb
661 3478 690 3520 28
710 3466 798 3536 άρνόυ
816 3469 853 3520 Kb
917 3479 946 3521 24
965 3466 1112 3534 αἱροῦνται

93 3537 171 3591 1¹²⁰:
191 3537 334 3604 ιίροῦνται
351 3544 383 3592 P:
402 3547 552 3593 ποιοῦνται
569 3545 588 3617 τ
661 3550 691 3591 2ss
708 3538 780 3607 πρὸς
797 3543 847 3601 τὰς
865 3535 948 3608 αἶγας
967 3544 988 3591 G
