2438 3870
144 125 211 190 234
468 124 581 180 Scholia
599 127 837 195 X370-41J42b

57 305 133 352 υελῐ
210 314 233 354 c.
258 294 387 354 εἰπεῐνε
410 291 475 353 ἀντὶ
494 303 560 354 τοῦ·
584 291 692 374 ἀγνοῶ,
711 292 739 353 εἰ
752 293 792 372 μὴ
810 291 867 373 άρα
884 291 1050 370 ἀμείλικτον
1067 293 1160 354 αὐτόν

142 392 225 472 ἔχεις,
245 389 285 464 ὡς
305 389 378 470 μηδὲ
397 392 490 452 εἰπεῖν
509 415 575 451 τινα
593 390 689 464 ἀξίως.

116 539 132 582 κ
212 528 379 588 38-4οε.
402 529 553 597 Βοῦκοςε
582 523 597 584 6
621 528 781 600 Βονκαῑος,
809 522 904 603 ὄνομα
930 524 1048 605 κόριον·
1077 523 1159 605 παρὰ

144 621 175 683 δὲ
196 624 356 708 Νικάνδρῳ
377 617 476 704 (Ther.
494 617 528 703 5)
548 621 563 685 6
585 623 736 702 βουκόλος.
769 621 861 694 ὄντως
884 621 921 700 δὴ
945 620 1036 694 καλάς
1051 640 1158 683 συντι-

143 719 209 793 θελς
228 720 331 792 ἀοιδὰς
351 720 513 792 ἐλάνθανες
531 717 624 798 ἡμᾶς,
644 714 667 780 6
685 724 825 780 Βονκαῖε·
850 717 963 800 ὡς’γόιρ
982 717 1085 800 άριστα
1103 728 1157 780 τοῦ
1185 742 1196 781 5

142 819 268 891 κάλλους
291 818 434 898 ἐστοχάσω
459 828 512 897 τῆς
534 817 690 898 ἐρωμένης.
727 817 760 878 τὸ
786 816 842 897 γάρ
870 815 1043 898 ἁρμονίας
1070 827 1157 878 τοῦτο

143 918 288 994 σημαίνει,
307 926 359 995 τῆς
378 914 538 995 ἐρωμένης·
563 925 615 994 τῆς
634 913 832 996 ἡρμοσμένης,
851 915 867 974 ό
885 914 945 975 ἐστι
962 913 1157 994 φιλουμένης,

142 1007 178 1075 οὗ
197 1014 229 1076 τὸ
247 1013 382 1075 ἐναντίον
401 1013 551 1092 ἀνάρσιον.

35 1132 155 1179 uum
210 1123 235 1180 b.
260 1114 279 1200 ἦ
308 1121 415 1193 καλάς
443 1119 533 1199 άμμε
560 1132 656 1182 ποῶν
679 1120 840 1199 ἐλελήθει
861 1125 998 1192 Βοῦκος
1017 1117 1156 1192 άοιόάςε

113 1252 116 1256 ·
141 1229 227 1280 τοῦτο
246 1217 262 1279 6
283 1221 390 1280 Μίλων
414 1219 642 1299 εἰρωνευόμενος
664 1217 697 1279 ἐν
717 1216 789 1297 ἤθει
815 1211 897 1296 φησί.
935 1215 1099 1298 συγκέκοφε
1123 1215 1195 1281 θέτο

141 1317 172 1377 τὸ
194 1316 298 1396 ὄνομα,
316 1317 368 1378 τὸν
388 1321 538 1378 Βουκοιῖον
557 1322 675 1377 Βοῦκον
693 1315 783 1376 εἰπὼν
801 1315 1041 1395 ὑποκοριστικῶς.
1140 1332 1143 1337 ’

115 1436 131 1479 κ
209 1445 233 1484 ο.
257 1421 301 1496 ὥς
324 1416 362 1484 εὖ
385 1423 448 1483 τάν
472 1422 585 1484 ἰθέανι
612 1426 704 1483 ταῦτα
727 1421 818 1503 λέγων
843 1421 953 1503 ὑβρίζει
981 1420 1087 1499 αὐτόν,
1115 1419 1156 1494 ὥς

141 1522 272 1602 φανερὸν
296 1521 328 1581 ἐκ
351 1532 403 1600 τῆς
426 1521 592 1602 ἐπαγωγῆς·
622 1522 719 1600 οἴμοι
743 1531 804 1581 τοῦ
831 1520 1019 1600 πώγωνος..
1039 1519 1156 1599 γυμνό-

139 1643 223 1697 τερον
241 1618 296 1700 γὰρ
316 1619 407 1681 αὐτὸν
426 1618 604 1700 ἐλοιδόρησε,
623 1619 754 1698 παρόσον
772 1618 895 1698 ἐργάτης
913 1615 955 1677 ὢν
974 1618 1011 1679 οὐ
1030 1617 1156 1690 δεόντως

140 1716 200 1800 ἐρᾷ.
233 1717 303 1789 τοὺς
322 1711 349 1776 6'
371 1717 493 1795 εὐήθεις
513 1717 678 1777 σκώπτουσι
698 1716 820 1794 μάλιστα
838 1715 870 1777 ἐκ
888 1726 946 1776 τῶν
964 1716 1093 1796 γενείων.
1161 1739 1193 1781 -15

75 1837 132 1881 m
209 1821 276 1882 6‘
261 1847 304 1896 ως
327 1847 364 1885 ευ
388 1848 451 1884 τοιν
474 1823 573 1884 ιδεαν
596 1848 656 1895 τας
679 1823 853 1902 οιρμονιας
876 1821 1079 1902 έμετρησεν
1105 1821 1155 1883 καλ

140 1930 226 1983 τοῦτο
245 1915 309 1981 κατ’
330 1923 495 2000 εἰρωνείαν
519 1920 558 1994 ὡς
577 1913 609 1981 εὖ
629 1921 660 1981 τὸ
679 1930 731 1999 τῆς
750 1919 893 1999 ἁρμονίας
911 1914 990 2043 εἶδος
1011 1919 1154 2039 ἐρρύθμι-

140 2038 190 2081 σεν
209 2044 225 2080 ο
215 2019 394 2100 βουκαῐος.

35 2129 185 2185 t⁸u⁸t⁸0v⁸
211 2123 240 2208 [e
243 2127 262 2204 ]
292 2129 401 2200 ἱκανῶς
424 2150 477 2204 την
500 2127 665 2210 τραγῳδίαν
689 2124 806 2204 ἐποίησε
834 2124 884 2186 καὶ
912 2124 1037 2205 άρίστως
1059 2125 1155 2204 αιἰτην

105 2285 107 2289 ,
139 2225 276 2305 ἥρμοσεν.
437 2283 441 2289 ,
1168 2259 1193 2298 w

35 2345 161 2390 ιιελετΜ
207 2335 226 2391 f.
251 2342 299 2392 τῶ
318 2333 531 2411 πώγωνοςε
555 2332 586 2393 τὸ
610 2342 661 2410 τῆς
684 2331 833 2412 εἰρωνείας
851 2329 992 2408 ἐξέφηνεν
1011 2327 1027 2391 6
1046 2331 1154 2392 Μίλων

139 2434 305 2510 καταγελῶν
324 2429 426 2508 αὐτοῦ,
446 2428 545 2507 ἐπειδὴ
565 2428 703 2509 ἐρωτικὸν
722 2425 786 2512 ᾄδει
804 2427 928 2508 ἐργάτης
946 2428 995 2488 όόν.

34 2576 132 2623 uim
210 2559 314 2642 41ί42
326 2583 351 2621 a.
376 2568 486 2621 θᾶσαι
511 2563 565 2639 όήε
590 2560 605 2621 6
630 2546 716 2644 λόγος
738 2561 770 2621 ἐκ
787 2551 846 2622 Ιτοῦ
870 2562 1023 2640 βουκαίου.
1061 2562 1154 2622 δυνα-

140 2660 191 2721 τὸν
211 2658 311 2720 δὲκαὶ
331 2659 381 2721 τὸν
401 2658 498 2739 ἕτερον
516 2670 608 2720 ταῦτα
626 2659 726 2740 λέγειν.

114 2780 128 2823 ε
207 2762 262 2847 [b]
287 2773 399 2826 θᾶσαι
417 2767 472 2842 όήτ
496 2765 545 2825 καλ
564 2765 701 2828 άκονσον.
732 2766 782 2826 καί
801 2767 859 2827 ἐστι
878 2767 909 2828 τὸ
929 2775 1025 2847 σχῆμα
1044 2767 1192 2845 αἴσθη-ςς

140 2882 185 2937 σις
204 2863 269 2924 ἀντὶ
288 2864 463 3011 αἰσθήσεως.

209 3071 398 3140 ιάμείλικτον
422 3073 564 3126 Duebnet:
593 3071 744 3142 άμίληκτον
764 3071 846 3127 Galla
876 3071 1059 3140 άμίλητονΤε
1088 3071 1154 3142 άμί·

139 3163 225 3213 μητον
247 3146 311 3196 cett
401 3144 547 3212 υλάμμι
565 3148 642 3196 um
731 3155 759 3197 10
782 3141 813 3199 τό
832 3143 863 3199 66
883 3146 1017 3214 βονκαῑος
1035 3142 1153 3199 όποτι.ό

139 3217 248 3286 βοῦκος,
268 3231 343 3283 συγκ.
363 3215 393 3268 τὸ
414 3214 503 3304 ὄνομα
522 3220 597 3267 ΤΕΔ
688 3226 716 3267 16
735 3213 836 3270 ἑαυτόν
855 3217 915 3269 cod.
1002 3224 1032 3267 26
1051 3215 1153 3285 συνήρ-

139 3303 204 3355 μοσε
224 3292 245 3338 6
299 3293 319 3337 L
338 3284 437 3339 add
422 3308 439 3353 η
459 3287 559 3351 άριστα
575 3295 624 3341 τοῦ
639 3286 756 3350 κάλλους
770 3286 936 3356 ἐστοχάσατο
950 3294 1000 3355 τῆς
1013 3285 1154 3356 ἐρωμένης

139 3357 312 3412 escholioa
384 3369 413 3410 εκ
432 3357 546 3412 ότιΡΤ’
618 3358 683 3410 681.
699 3376 753 3412 om
768 3363 864 3411 ΤΕΡΤ
918 3353 1041 3412 δυνατὸν
1059 3354 1092 3410 δὲ
1111 3357 1153 3413 λέ·

138 3449 197 3488 κειν
220 3437 308 3483 ταῦτα
329 3430 378 3482 καλ
395 3429 444 3482 τὸν
464 3431 599 3499 βονκαῖον
618 3430 717 3483 ceteris
736 3430 846 3482 omissis
865 3434 908 3480 ΡΤ
1016 3437 1046 3481 25
1055 3427 1153 3492 ῃάιιοα·

210 3506 241 3542 οτ
