2438 3870
120 135 185 200 262
402 135 516 190 Scholia
535 137 600 191 XIII
613 137 692 208 22123
701 137 860 209 ον’-251283

121 301 272 380 μοσθένης
282 297 369 384 (fgm.
381 307 421 364 26
430 305 563 382 Wagner
571 306 630 364 Die
638 306 813 365 Erdbeschr.
821 306 849 364 d.
859 307 932 364 IIm.
942 318 999 363 υοκ
1008 305 1139 374 Rhodus,

120 402 201 461 Dans.
210 403 285 476 phil.
300 403 386 476 Isips.
402 404 503 472 1888,
518 396 575 483 69)
599 400 632 463 δέ
654 420 748 480 φησιν
771 400 830 462 ἀπὸ
853 411 904 462 τοῦ
923 398 1016 480 Ἱεροῦ
1040 398 1079 474 ὡς
1093 398 1138 462 κε’

32 534 35 538 „
121 498 258 571 σταδίους
277 492 353 559 εἶναι
372 500 509 576 νησίδων
529 500 721 576 σκοπελῶδες,
739 504 899 560 καλεῖσθαι
913 497 945 560 δὲ
963 497 1015 571 τάς
1031 499 1139 560 τοῦτον

96 592 213 675 Κάκρας
231 595 377 668 Κυανέας
423 597 450 656 b.
474 621 524 658 και
542 597 574 659 τὸ
595 594 648 674 μὲν
667 598 804 675 νησίδιον
820 607 872 675 τῆς
887 593 1084 677 Εὗρώπης,’
1066 621 1086 674 η
1107 595 1139 657 δέ

120 691 196 774 άκρα
214 703 266 773 τῆς
282 684 392 773 Ἀσίας,
411 689 600 774 άπέχουσιδ’
620 693 756 785 ἀλλήλων
774 681 974 766 σταδίους’
929 717 981 755 κε.
1166 717 1179 756 ε

14 799 145 853 ΚΙΙἘΑΠ
189 821 213 861 ο.
237 801 508 883 συνδρομάδωνε
532 801 582 862 διὰ
609 800 641 862 τὸ
670 800 835 881 συντρέχειν
864 799 914 861 καὶ
941 784 1137 882 συνέρχεσθαι

119 896 256 1017 ἀλλήλαις
270 897 320 959 καὶ
334 899 560 979 συνθραύειν
532 923 583 972 τας
598 901 792 982 διαπεράσας
797 909 879 971 ναῦς.
904 899 1001 976 μόνην
1015 898 1048 960 δέ
1061 917 1138 975 φασι

119 1018 174 1074 την
188 989 282 1077 Ἀργὼ
301 998 427 1081 προνοίηι
447 1006 498 1076 τῆς
515 991 648 1076 Ἀθηνᾶς
668 996 885 1077 διαβεβηκέναι.

93 1113 108 1155 Κ
151 1113 153 1117 ’
185 1103 212 1161 δ.
236 1096 300 1179 ἀφ’
322 1096 367 1163 οὗ
390 1103 498 1165 τότεε
529 1104 625 1187 ὥσπερ
648 1103 824 1186 εἱμαρμένον
852 1109 914 1176 ταῖς
937 1106 1137 1185 Συμπληχάσι

118 1198 249 1280 πέτραις,
278 1198 332 1279 ὡς,
360 1201 387 1260 εἰ
414 1202 536 1281 διαβαίη
564 1227 607 1276 τις
634 1203 712 1274 άπαξ
743 1201 833 1274 αὐτὰς
860 1200 1008 1281 ἀβλαβής,
1030 1201 1080 1263 καὶ
1103 1203 1136 1265 τδ
1152 1225 1179 1264 1ο

118 1297 188 1378 μετὰ
207 1308 298 1359 ταῦτα
316 1297 430 1377 μηδένα
448 1324 476 1358 τι
489 1301 610 1380 πάσχειν
625 1300 731 1362 δεινόν.
755 1299 784 1372 ἐξ
799 1300 914 1361 ἐκείνου
929 1291 986 1361 οὖν
1001 1309 1055 1361 τοῦ
1068 1301 1136 1381 χρό-

119 1419 184 1476 νου,
202 1382 315 1474 οἰᾳίἩ
334 1394 353 1475 ἡ
371 1390 464 1478 Ἀρχὼ
485 1396 580 1477 διέβη,
598 1397 723 1477 ἔστησαν
741 1399 794 1477 τῆς
813 1399 991 1478 συνδρομῆς.

12 1492 122 1547 ΙΙἘΑΡΤ
185 1516 209 1552 e.
233 1486 272 1573 ἦν
297 1490 303 1496 ’
343 1494 546 1574 «πεπρωμένον
569 1502 631 1567 ταῖς
656 1497 853 1576 Συμπληγάσι
875 1495 1008 1577 πέτραις,
1032 1493 1086 1574 ὡς,
1109 1499 1138 1558 εί

42 1581 44 1586 ’
119 1593 240 1671 διαβαίη
258 1614 301 1664 τις
320 1592 372 1669 μία
393 1601 465 1664 ναῦς
484 1592 576 1665 αὐτὰς
595 1591 746 1672 ἀβλαβῶς,
769 1591 798 1665 ἒξ
822 1593 937 1654 ἐκείνου
955 1604 1008 1654 τοῦ
1026 1594 1136 1676 χρόνου

118 1700 230 1769 στῆναι.
263 1687 376 1751 διὸκαὶ
397 1689 522 1767 έστησαν
540 1700 592 1768 τῆς
609 1686 732 1771 Ἀρχοῦς
751 1691 902 1769 διαβάσης.
994 1730 996 1734 v
1150 1715 1176 1755 ιε

61 1785 109 1839 ΕἈ
186 1790 206 1848 f.
231 1787 504 1867 συνδρομάδωνε
528 1786 710 1868 συνέκρουον
727 1787 783 1868 γὰρ
802 1789 836 1847 αἱ
847 1789 1065 1869 Συμπληγάδες
1083 1788 1135 1850 πέ-

118 1909 194 2006 τραι,
211 1883 307 1966 ἤγουν
325 1885 360 1944 αί
376 1885 524 1962 Κυάνεαι,
549 1884 599 1958 τὰς
619 1895 702 1958 ναῦς.
736 1885 806 1964 μετὰ
825 1885 857 1946 τὸ
875 1893 1083 1966 περαιωθῆναι
1102 1885 1136 1949 δέ

118 1983 172 2061 την
186 1975 281 2064 Ἀργὼ
299 1982 390 2044 ἐκεῖσε
409 1983 550 2043 έπανσαν.

11 2112 152 2160 mmm
185 2103 236 2160 24.
262 2103 394 2171 Φᾶσις
421 2099 505 2171 πόλις
533 2098 583 2160 καὶ
608 2099 739 2178 ποταμὸς
763 2098 795 2159 ἒν
817 2100 942 2179 Κόλχοις
966 2097 1134 2219 ὁμώνυμος,

115 2191 186 2277 παρ’
198 2194 234 2256 όν
244 2194 388 2275 Έλληνες
408 2195 606 2274 Μιλησίων”
588 2219 715 2257 αποικοι.
1148 2223 1175 2260 ιο

90 2328 106 2370 κ
185 2315 268 2372 25-
274 2315 352 2372 28a.
377 2312 582 2384 Πελειάδεςι
611 2337 642 2372 αι
635 2313 816 2384 Πλειάδες.
850 2312 925 2391 φησι
947 2314 1133 2394 Καλλίμαχος

116 2403 203 2492 (fgm.
216 2413 277 2470 381
291 2411 460 2486 Schneider,
474 2411 506 2469 Π
517 2404 607 2492 572),
626 2411 671 2470 ιιι
689 2421 740 2490 της
757 2412 929 2490 ρισιιισσης
942 2421 1002 2471 ..τι
1014 2397 1133 2494 Ἀμαζό-

115 2532 177 2569 νων
196 2500 273 2585 ἦσαν
288 2506 447 2586 θυγατέρες
462 2505 586 2586 (ἑπτά),
605 2511 637 2566 αἳ
650 2509 792 2580 Πλειάδες
806 2507 857 2568 καλ
873 2509 1028 2581 Πελειάδες
1042 2527 1132 2590 προσ·

116 2605 334 2686 ηγορεάθησαν.
362 2614 480 2684 πρῶτον
500 2598 529 2664 δ’
550 2598 636 2665 αὗται
655 2607 771 2684 χορείαν
789 2605 838 2666 καὶ
856 2606 1024 2686 παννυχίδα
1045 2625 1132 2668 συνε·

116 2703 258 2781 στήσαντο
278 2702 525 2780 παρθενεύουσαι.
559 2700 574 2761 ὁ
595 2700 626 2762 δὲ
645 2713 729 2775 νοῦς·
754 2697 826 2763 καθ’
848 2703 898 2782 όν,
917 2704 1008 2783 φησί,
1026 2705 1132 2786 καιρδν
1146 2727 1172 2767 ιε

115 2799 323 2862 ἀνατέλλουσιν
341 2800 376 2859 αί
388 2801 529 2872 Πλειάδες
550 2801 654 2861 θάλλει
672 2823 701 2861 τε
719 2811 800 2861 πᾶσα
818 2798 836 2877 ἡ
855 2811 894 2882 μῆ
911 2807 973 2874 ταῖς
992 2801 1132 2881 βοτάναις

115 2909 168 2960 τοῦ
191 2899 291 2979 έαρος,
314 2907 476 2977 τηνικαῦτα
498 2908 550 2958 τοῦ
574 2897 710 2960 ἀπόπλου
735 2898 915 2978 ἐφρόντιζον.
947 2898 983 2959 τὰ
1001 2897 1132 2978 ὀνόματα

115 3140 137 3193 Β
186 3070 377 3194 4Φ8λεοο.ΠΙΙ
393 3075 444 3123 319
500 3070 882 3138 sch.Lyc.363‚17Scheer
986 3080 1015 3123 ιο
1034 3069 1130 3138 Steph.

139 3159 180 3209 yz.
227 3158 289 3202 ασις

187 3301 261 3363 εὼς
280 3321 310 3354 κε
317 3299 532 3355 'Wilamowitz
552 3318 567 3355 e
587 3301 689 3354 sch.b:
713 3303 751 3366 ὡς
769 3302 849 3366 sisu
869 3310 904 3356 K:
926 3302 992 3356 ὡσεί
1010 3303 1076 3356 οολλ.

117 3381 131 3423 8
150 3374 198 3425 καὶ
216 3389 266 3439 pro
286 3371 377 3425 verbis
396 3375 567 3435 σκοπελῶδες
585 3375 733 3427 καλεῖσθαι
752 3375 783 3428 δέ
802 3381 825 3426 K
910 3383 936 3426 11
954 3371 1042 3442 μηδέν
1060 3372 1131 3438 eod„

118 3459 186 3496 corr.
202 3443 390 3496 Wilamowitz
467 3454 494 3495 10
512 3441 625 3505 πόλις
610 3463 627 3511 η
646 3463 746 3499 ποτ.-
755 3443 787 3499 ὃν
805 3453 841 3498 1:
864 3463 925 3499 ποτ.
944 3444 994 3498 καί
1010 3441 1131 3506 πόλις-

117 3510 153 3579 ἣν
172 3516 236 3566 cett.
331 3524 361 3566 νε
381 3515 471 3583 suppl
488 3514 676 3569 Wilamowitz
730 3517 779 3569 καί
797 3517 885 3570 idem:
905 3514 936 3568 αἳ
954 3514 1015 3569 οοδ
