<?xml version="1.0" encoding="UTF-8"?>
<!DOCTYPE html PUBLIC "-//W3C//DTD XHTML 1.0 Transitional//EN"
    "http://www.w3.org/TR/xhtml1/DTD/xhtml1-transitional.dtd">
<html xmlns="http://www.w3.org/1999/xhtml" xml:lang="en" lang="en">
 <head>
  <title>
</title>
<meta http-equiv="Content-Type" content="text/html;charset=utf-8" />
  <meta name='ocr-system' content='tesseract 3.04.00' />
  <meta name='ocr-capabilities' content='ocr_page ocr_carea ocr_par ocr_line ocrx_word'/>
</head>
<body>
  <div class='ocr_page' id='page_1' title='image "./scholiaintheocr00wendgoog_0328.png"; bbox 0 0 2438 3870; ppageno 0'>
   <div class='ocr_carea' id='block_1_1' title="bbox 118 128 831 202">
    <p class='ocr_par' dir='ltr' id='par_1_1' title="bbox 118 128 831 202">
     <span class='ocr_line' id='line_1_1' title="bbox 118 128 831 202; baseline 0 -19"><span class='ocrx_word' id='word_1_1' title='bbox 118 129 184 196; x_wconf 80' lang='grc'><strong><em>284</em></strong></span> <span class='ocrx_word' id='word_1_2' title='bbox 418 128 531 184; x_wconf 73' lang='lat' dir='ltr'>Scholia</span> <span class='ocrx_word' id='word_1_3' title='bbox 549 130 575 184; x_wconf 91' lang='lat'><strong><em>11</em></strong></span> <span class='ocrx_word' id='word_1_4' title='bbox 589 129 831 202; x_wconf 71' lang='grc' dir='ltr'><strong><em>ῦσγῦΒε-’ίοβκο</em></strong></span> 
     </span>
    </p>
   </div>
   <div class='ocr_carea' id='block_1_2' title="bbox 34 289 1173 2435">
    <p class='ocr_par' dir='ltr' id='par_1_2' title="bbox 117 289 1131 671">
     <span class='ocr_line' id='line_1_2' title="bbox 117 289 1131 376; baseline -0.004 -16"><span class='ocrx_word' id='word_1_5' title='bbox 117 297 165 360; x_wconf 72' lang='grc' dir='ltr'><strong><em>ἐπὶ</em></strong></span> <span class='ocrx_word' id='word_1_6' title='bbox 189 296 266 359; x_wconf 74' lang='grc' dir='ltr'><strong><em>θέαν</em></strong></span> <span class='ocrx_word' id='word_1_7' title='bbox 291 306 344 376; x_wconf 75' lang='grc' dir='ltr'><strong><em>τῆς</em></strong></span> <span class='ocrx_word' id='word_1_8' title='bbox 367 306 488 376; x_wconf 78' lang='grc' dir='ltr'><strong><em>πομπῆς</em></strong></span> <span class='ocrx_word' id='word_1_9' title='bbox 510 289 599 376; x_wconf 76' lang='grc' dir='ltr'><strong><em>ἦλθε,</em></strong></span> <span class='ocrx_word' id='word_1_10' title='bbox 624 297 714 376; x_wconf 83' lang='grc' dir='ltr'><strong><em>φησί,</em></strong></span> <span class='ocrx_word' id='word_1_11' title='bbox 739 295 789 357; x_wconf 82' lang='grc' dir='ltr'><strong><em>καὶ</em></strong></span> <span class='ocrx_word' id='word_1_12' title='bbox 812 297 919 357; x_wconf 81' lang='grc' dir='ltr'><strong><em>ίὸοῦσα</em></strong></span> <span class='ocrx_word' id='word_1_13' title='bbox 940 294 992 356; x_wconf 90' lang='grc' dir='ltr'><strong><em>τὸν</em></strong></span> <span class='ocrx_word' id='word_1_14' title='bbox 1015 294 1131 373; x_wconf 78' lang='grc' dir='ltr'><strong><em>Δὲλφιν</em></strong></span> 
     </span>
     <span class='ocr_line' id='line_1_3' title="bbox 117 387 1130 480; baseline -0.005 -22"><span class='ocrx_word' id='word_1_15' title='bbox 117 394 237 477; x_wconf 77' lang='grc' dir='ltr'><strong><em>ἠράσθη</em></strong></span> <span class='ocrx_word' id='word_1_16' title='bbox 256 394 357 456; x_wconf 79' lang='grc' dir='ltr'><strong><em>αὐτοῦ.</em></strong></span> <span class='ocrx_word' id='word_1_17' title='bbox 389 395 513 455; x_wconf 79' lang='grc' dir='ltr'><strong><em>εἰώθασι</em></strong></span> <span class='ocrx_word' id='word_1_18' title='bbox 530 393 586 475; x_wconf 80' lang='grc' dir='ltr'><strong><em>γάρ</em></strong></span> <span class='ocrx_word' id='word_1_19' title='bbox 604 405 640 480; x_wconf 78' lang='grc' dir='ltr'><strong><em>τῇ</em></strong></span> <span class='ocrx_word' id='word_1_20' title='bbox 656 387 802 474; x_wconf 77' lang='grc' dir='ltr'><strong><em>Ἀριέμιδι</em></strong></span> <span class='ocrx_word' id='word_1_21' title='bbox 820 399 1004 475; x_wconf 81' lang='grc' dir='ltr'><strong><em>κανηφορεῖν</em></strong></span> <span class='ocrx_word' id='word_1_22' title='bbox 1018 394 1052 454; x_wconf 84' lang='grc' dir='ltr'><strong><em>αῖ</em></strong></span> <span class='ocrx_word' id='word_1_23' title='bbox 1063 392 1130 472; x_wconf 83' lang='grc' dir='ltr'><strong><em>με’λ-</em></strong></span> 
     </span>
     <span class='ocr_line' id='line_1_4' title="bbox 117 489 1131 574; baseline -0.003 -19"><span class='ocrx_word' id='word_1_24' title='bbox 117 500 221 555; x_wconf 85' lang='grc' dir='ltr'><strong><em>λουσαι</em></strong></span> <span class='ocrx_word' id='word_1_25' title='bbox 243 497 403 574; x_wconf 77' lang='grc' dir='ltr'><strong><em>γαμεῖσθαι</em></strong></span> <span class='ocrx_word' id='word_1_26' title='bbox 425 491 473 553; x_wconf 83' lang='grc' dir='ltr'><strong><em>ε’πί</em></strong></span> <span class='ocrx_word' id='word_1_27' title='bbox 494 489 657 570; x_wconf 84' lang='grc' dir='ltr'><strong><em>άφοσιώσει</em></strong></span> <span class='ocrx_word' id='word_1_28' title='bbox 673 501 727 572; x_wconf 79' lang='grc' dir='ltr'><strong><em>τῆς</em></strong></span> <span class='ocrx_word' id='word_1_29' title='bbox 744 493 924 572; x_wconf 78' lang='grc' dir='ltr'><strong><em>παρθενίας,</em></strong></span> <span class='ocrx_word' id='word_1_30' title='bbox 948 491 988 570; x_wconf 77' lang='grc' dir='ltr'><strong><em>μὴ</em></strong></span> <span class='ocrx_word' id='word_1_31' title='bbox 1007 510 1131 571; x_wconf 86' lang='grc' dir='ltr'><strong><em>νεμεση·</em></strong></span> 
     </span>
     <span class='ocr_line' id='line_1_5' title="bbox 117 584 407 671; baseline -0.01 -17"><span class='ocrx_word' id='word_1_32' title='bbox 117 598 215 654; x_wconf 80' lang='grc' dir='ltr'><strong><em>θῶσιν</em></strong></span> <span class='ocrx_word' id='word_1_33' title='bbox 233 584 286 652; x_wconf 82' lang='grc' dir='ltr'><strong><em>ὑπ’</em></strong></span> <span class='ocrx_word' id='word_1_34' title='bbox 307 590 407 671; x_wconf 78' lang='grc' dir='ltr'><strong><em>αὐτῆς.</em></strong></span> 
     </span>
    </p>

    <p class='ocr_par' dir='ltr' id='par_1_3' title="bbox 117 682 1173 1359">
     <span class='ocr_line' id='line_1_6' title="bbox 184 682 1173 770; baseline -0.001 -21"><span class='ocrx_word' id='word_1_35' title='bbox 184 691 211 749; x_wconf 92' lang='lat' dir='ltr'><strong><em>b.</em></strong></span> <span class='ocrx_word' id='word_1_36' title='bbox 235 689 457 770; x_wconf 72' lang='grc' dir='ltr'><strong><em>κανηφόροςε</em></strong></span> <span class='ocrx_word' id='word_1_37' title='bbox 484 688 519 749; x_wconf 81' lang='grc' dir='ltr'><strong><em>τὰ</em></strong></span> <span class='ocrx_word' id='word_1_38' title='bbox 542 689 688 770; x_wconf 79' lang='grc' dir='ltr'><strong><em>μυστήρια</em></strong></span> <span class='ocrx_word' id='word_1_39' title='bbox 712 698 804 751; x_wconf 86' lang='grc' dir='ltr'><strong><em>ταῦτα</em></strong></span> <span class='ocrx_word' id='word_1_40' title='bbox 824 682 971 768; x_wconf 76' lang='grc' dir='ltr'><strong><em>Ἀθήνησι</em></strong></span> <span class='ocrx_word' id='word_1_41' title='bbox 998 687 1130 749; x_wconf 84' lang='grc' dir='ltr'><strong><em>πολιτεύ·</em></strong></span> <span class='ocrx_word' id='word_1_42' title='bbox 1157 706 1173 748; x_wconf 76' lang='grc' dir='ltr'><strong><em>ι</em></strong></span> 
     </span>
     <span class='ocr_line' id='line_1_7' title="bbox 118 780 1130 872; baseline -0.003 -23"><span class='ocrx_word' id='word_1_43' title='bbox 118 811 208 849; x_wconf 91' lang='grc' dir='ltr'><strong><em>ονται.</em></strong></span> <span class='ocrx_word' id='word_1_44' title='bbox 241 787 443 866; x_wconf 86' lang='grc' dir='ltr'><strong><em>ε’κανηρόρουν</em></strong></span> <span class='ocrx_word' id='word_1_45' title='bbox 466 785 498 849; x_wconf 70' lang='grc' dir='ltr'><strong><em>δὲ</em></strong></span> <span class='ocrx_word' id='word_1_46' title='bbox 520 798 556 872; x_wconf 76' lang='grc' dir='ltr'><strong><em>τῇ</em></strong></span> <span class='ocrx_word' id='word_1_47' title='bbox 576 780 722 869; x_wconf 81' lang='grc' dir='ltr'><strong><em>’Λρτὲμιόι</em></strong></span> <span class='ocrx_word' id='word_1_48' title='bbox 745 788 779 847; x_wconf 83' lang='grc' dir='ltr'><strong><em>αἱ</em></strong></span> <span class='ocrx_word' id='word_1_49' title='bbox 797 787 877 868; x_wconf 76' lang='grc' dir='ltr'><strong><em>ίόραν</em></strong></span> <span class='ocrx_word' id='word_1_50' title='bbox 896 786 1014 865; x_wconf 74' lang='grc' dir='ltr'><strong><em>ἔχουσαι</em></strong></span> <span class='ocrx_word' id='word_1_51' title='bbox 1032 785 1130 867; x_wconf 91' lang='grc' dir='ltr'><strong><em>γάμου</em></strong></span> 
     </span>
     <span class='ocr_line' id='line_1_8' title="bbox 117 883 1130 969; baseline -0.005 -22"><span class='ocrx_word' id='word_1_52' title='bbox 117 885 214 967; x_wconf 82' lang='grc' dir='ltr'><strong><em>ὥσπερ</em></strong></span> <span class='ocrx_word' id='word_1_53' title='bbox 239 884 474 966; x_wconf 83' lang='grc' dir='ltr'><strong><em>ἀπολογούμενοι</em></strong></span> <span class='ocrx_word' id='word_1_54' title='bbox 499 883 566 967; x_wconf 78' lang='grc' dir='ltr'><strong><em>περὶ</em></strong></span> <span class='ocrx_word' id='word_1_55' title='bbox 588 893 641 964; x_wconf 80' lang='grc' dir='ltr'><strong><em>τῆς</em></strong></span> <span class='ocrx_word' id='word_1_56' title='bbox 663 886 829 967; x_wconf 81' lang='grc' dir='ltr'><strong><em>παρθενίας</em></strong></span> <span class='ocrx_word' id='word_1_57' title='bbox 851 893 886 969; x_wconf 73' lang='grc' dir='ltr'><strong><em>τῇ</em></strong></span> <span class='ocrx_word' id='word_1_58' title='bbox 910 889 987 968; x_wconf 79' lang='grc' dir='ltr'><strong><em>θεῷ,</em></strong></span> <span class='ocrx_word' id='word_1_59' title='bbox 1016 885 1065 944; x_wconf 85' lang='grc' dir='ltr'><strong><em>ἴνα</em></strong></span> <span class='ocrx_word' id='word_1_60' title='bbox 1088 883 1130 962; x_wconf 81' lang='grc' dir='ltr'><strong><em>μὴ</em></strong></span> 
     </span>
     <span class='ocr_line' id='line_1_9' title="bbox 117 980 1131 1069; baseline -0.005 -23"><span class='ocrx_word' id='word_1_61' title='bbox 117 982 245 1069; x_wconf 76' lang='grc' dir='ltr'><strong><em>όργισθῇ</em></strong></span> <span class='ocrx_word' id='word_1_62' title='bbox 264 983 367 1056; x_wconf 79' lang='grc' dir='ltr'><strong><em>αὐτοῖς</em></strong></span> <span class='ocrx_word' id='word_1_63' title='bbox 386 983 558 1062; x_wconf 78' lang='grc' dir='ltr'><strong><em>μελλούσαις</em></strong></span> <span class='ocrx_word' id='word_1_64' title='bbox 576 981 608 1043; x_wconf 87' lang='grc' dir='ltr'><strong><em>τὸ</em></strong></span> <span class='ocrx_word' id='word_1_65' title='bbox 629 983 732 1043; x_wconf 87' lang='grc' dir='ltr'><strong><em>λοιπὸν</em></strong></span> <span class='ocrx_word' id='word_1_66' title='bbox 757 983 945 1064; x_wconf 82' lang='grc' dir='ltr'><strong><em>φθείρεσθαι,</em></strong></span> <span class='ocrx_word' id='word_1_67' title='bbox 977 980 1027 1042; x_wconf 74' lang='grc' dir='ltr'><strong><em>καὶ</em></strong></span> <span class='ocrx_word' id='word_1_68' title='bbox 1049 980 1131 1061; x_wconf 77' lang='grc' dir='ltr'><strong><em>παρὰ</em></strong></span> 
     </span>
     <span class='ocr_line' id='line_1_10' title="bbox 117 1074 1130 1166; baseline -0.004 -24"><span class='ocrx_word' id='word_1_69' title='bbox 117 1083 288 1166; x_wconf 77' lang='grc' dir='ltr'><strong><em>Μενάνδρῳ</em></strong></span> <span class='ocrx_word' id='word_1_70' title='bbox 312 1076 397 1163; x_wconf 82' lang='lat' dir='ltr'>(fgm.</span> <span class='ocrx_word' id='word_1_71' title='bbox 417 1085 460 1142; x_wconf 90' lang='grc'><strong><em>40</em></strong></span> <span class='ocrx_word' id='word_1_72' title='bbox 483 1082 567 1142; x_wconf 80' lang='lat' dir='ltr'><strong>Kock</strong></span> <span class='ocrx_word' id='word_1_73' title='bbox 593 1082 670 1142; x_wconf 75' lang='lat' dir='ltr'><strong><em>Gom.</em></strong></span> <span class='ocrx_word' id='word_1_74' title='bbox 689 1087 738 1141; x_wconf 69' lang='lat' dir='ltr'><strong><em>att.</em></strong></span> <span class='ocrx_word' id='word_1_75' title='bbox 757 1084 826 1157; x_wconf 68' lang='lat' dir='ltr'><strong><em>sym.</em></strong></span> <span class='ocrx_word' id='word_1_76' title='bbox 846 1082 908 1140; x_wconf 88' lang='grc' dir='ltr'><strong><em>ΙΙΙ</em></strong></span> <span class='ocrx_word' id='word_1_77' title='bbox 924 1074 981 1162; x_wconf 82' lang='lat'><strong><em>15)</em></strong></span> <span class='ocrx_word' id='word_1_78' title='bbox 1009 1081 1042 1139; x_wconf 89' lang='grc' dir='ltr'><strong><em>αῖ</em></strong></span> <span class='ocrx_word' id='word_1_79' title='bbox 1064 1081 1130 1140; x_wconf 88' lang='grc' dir='ltr'><strong><em>κυΐ-</em></strong></span> 
     </span>
     <span class='ocr_line' id='line_1_11' title="bbox 117 1177 1173 1265; baseline -0.003 -24"><span class='ocrx_word' id='word_1_80' title='bbox 117 1199 240 1241; x_wconf 90' lang='grc' dir='ltr'><strong><em>σκουσαι</em></strong></span> <span class='ocrx_word' id='word_1_81' title='bbox 259 1178 465 1240; x_wconf 79' lang='grc' dir='ltr'><strong><em>ἐπικαλοῦνται</em></strong></span> <span class='ocrx_word' id='word_1_82' title='bbox 483 1178 537 1257; x_wconf 76' lang='grc' dir='ltr'><strong><em>τὴν</em></strong></span> <span class='ocrx_word' id='word_1_83' title='bbox 549 1177 686 1265; x_wconf 75' lang='grc' dir='ltr'><strong><em>’Ἀρτεμιν</em></strong></span> <span class='ocrx_word' id='word_1_84' title='bbox 700 1178 861 1252; x_wconf 83' lang='grc' dir='ltr'><strong><em>ἀξιοῦσθαι</em></strong></span> <span class='ocrx_word' id='word_1_85' title='bbox 880 1178 1067 1259; x_wconf 85' lang='grc' dir='ltr'><strong><em>συγγνώμης,</em></strong></span> <span class='ocrx_word' id='word_1_86' title='bbox 1086 1178 1131 1239; x_wconf 82' lang='grc' dir='ltr'><strong><em>ότι</em></strong></span> <span class='ocrx_word' id='word_1_87' title='bbox 1144 1197 1173 1238; x_wconf 83' lang='grc' dir='ltr'><strong><em>ιο</em></strong></span> 
     </span>
     <span class='ocr_line' id='line_1_12' title="bbox 117 1277 1030 1359; baseline -0.005 -19"><span class='ocrx_word' id='word_1_88' title='bbox 117 1277 347 1359; x_wconf 81' lang='grc' dir='ltr'><strong><em>διεκορήθησαν.</em></strong></span> <span class='ocrx_word' id='word_1_89' title='bbox 1027 1278 1030 1284; x_wconf 81' lang='lat'>&#39;</span> 
     </span>
    </p>

    <p class='ocr_par' dir='ltr' id='par_1_4' title="bbox 34 1374 1170 2043">
     <span class='ocr_line' id='line_1_13' title="bbox 70 1374 1131 1461; baseline -0.002 -25"><span class='ocrx_word' id='word_1_90' title='bbox 70 1399 107 1442; x_wconf 74' lang='grc' dir='ltr'><strong><em>ει</em></strong></span> <span class='ocrx_word' id='word_1_91' title='bbox 184 1397 208 1436; x_wconf 86' lang='grc' dir='ltr'><strong><em>ο.</em></strong></span> <span class='ocrx_word' id='word_1_92' title='bbox 231 1385 270 1460; x_wconf 75' lang='grc' dir='ltr'><strong><em>τῇ</em></strong></span> <span class='ocrx_word' id='word_1_93' title='bbox 291 1374 333 1454; x_wconf 80' lang='grc' dir='ltr'><strong><em>δὴ</em></strong></span> <span class='ocrx_word' id='word_1_94' title='bbox 351 1374 442 1436; x_wconf 89' lang='grc' dir='ltr'><strong><em>πόκα</em></strong></span> <span class='ocrx_word' id='word_1_95' title='bbox 460 1376 573 1437; x_wconf 81' lang='grc' dir='ltr'><strong><em>πολλὰ</em></strong></span> <span class='ocrx_word' id='word_1_96' title='bbox 592 1374 654 1455; x_wconf 81' lang='grc' dir='ltr'><strong><em>μὲν</em></strong></span> <span class='ocrx_word' id='word_1_97' title='bbox 672 1374 771 1437; x_wconf 76' lang='grc' dir='ltr'><strong><em>άλλαε</em></strong></span> <span class='ocrx_word' id='word_1_98' title='bbox 795 1375 827 1437; x_wconf 80' lang='grc' dir='ltr'><strong><em>ἐν</em></strong></span> <span class='ocrx_word' id='word_1_99' title='bbox 842 1387 877 1461; x_wconf 75' lang='grc' dir='ltr'><strong><em>τῇ</em></strong></span> <span class='ocrx_word' id='word_1_100' title='bbox 891 1386 1007 1460; x_wconf 73' lang='grc' dir='ltr'><strong><em>πομπῇ,</em></strong></span> <span class='ocrx_word' id='word_1_101' title='bbox 1025 1375 1131 1453; x_wconf 84' lang='grc' dir='ltr'><strong><em>φησίν,</em></strong></span> 
     </span>
     <span class='ocr_line' id='line_1_14' title="bbox 116 1472 726 1555; baseline -0.003 -20"><span class='ocrx_word' id='word_1_102' title='bbox 116 1472 189 1535; x_wconf 87' lang='grc' dir='ltr'><strong><em>άλλα</em></strong></span> <span class='ocrx_word' id='word_1_103' title='bbox 207 1497 236 1536; x_wconf 89' lang='grc' dir='ltr'><strong><em>τε</em></strong></span> <span class='ocrx_word' id='word_1_104' title='bbox 255 1475 349 1555; x_wconf 82' lang='grc' dir='ltr'><strong><em>θηρία</em></strong></span> <span class='ocrx_word' id='word_1_105' title='bbox 367 1473 530 1553; x_wconf 80' lang='grc' dir='ltr'><strong><em>ἐπόμπευσε</em></strong></span> <span class='ocrx_word' id='word_1_106' title='bbox 549 1473 599 1535; x_wconf 81' lang='grc' dir='ltr'><strong><em>καὶ</em></strong></span> <span class='ocrx_word' id='word_1_107' title='bbox 617 1473 726 1536; x_wconf 78' lang='grc' dir='ltr'><strong><em>λέαινα.</em></strong></span> 
     </span>
     <span class='ocr_line' id='line_1_15' title="bbox 79 1566 1129 1652; baseline -0.002 -20"><span class='ocrx_word' id='word_1_108' title='bbox 79 1585 105 1639; x_wconf 69' lang='lat'><strong><em>5⁸</em></strong></span> <span class='ocrx_word' id='word_1_109' title='bbox 184 1568 240 1652; x_wconf 82' lang='lat' dir='ltr'><strong><em>[d]</em></strong></span> <span class='ocrx_word' id='word_1_110' title='bbox 264 1569 402 1652; x_wconf 71' lang='grc' dir='ltr'><strong><em>(θηρία</em></strong></span> <span class='ocrx_word' id='word_1_111' title='bbox 420 1570 683 1650; x_wconf 73' lang='grc' dir='ltr'><strong><em>πομπεόεσκεε&gt;</em></strong></span> <span class='ocrx_word' id='word_1_112' title='bbox 701 1571 763 1633; x_wconf 79' lang='grc' dir='ltr'><strong><em>ἐπεὶ</em></strong></span> <span class='ocrx_word' id='word_1_113' title='bbox 782 1571 935 1652; x_wconf 79' lang='grc' dir='ltr'><strong><em>κυνηγέτις</em></strong></span> <span class='ocrx_word' id='word_1_114' title='bbox 954 1566 1129 1650; x_wconf 74' lang='grc' dir='ltr'><strong><em>η’Ἀρτεμις.</em></strong></span> 
     </span>
     <span class='ocr_line' id='line_1_16' title="bbox 34 1667 1170 1750; baseline -0.003 -22"><span class='ocrx_word' id='word_1_115' title='bbox 34 1683 104 1737; x_wconf 66' lang='lat' dir='ltr'><strong><em>xm</em></strong></span> <span class='ocrx_word' id='word_1_116' title='bbox 185 1673 350 1730; x_wconf 82' lang='lat' dir='ltr'>70-72a.</span> <span class='ocrx_word' id='word_1_117' title='bbox 377 1667 616 1749; x_wconf 75' lang='grc' dir='ltr'><strong><em>ἡμακαρῖτιςτ</em></strong></span> <span class='ocrx_word' id='word_1_118' title='bbox 636 1667 675 1741; x_wconf 83' lang='grc' dir='ltr'><strong><em>ὡς</em></strong></span> <span class='ocrx_word' id='word_1_119' title='bbox 690 1671 901 1750; x_wconf 81' lang='grc' dir='ltr'><strong><em>μετηλλαχυίας</em></strong></span> <span class='ocrx_word' id='word_1_120' title='bbox 915 1669 966 1730; x_wconf 87' lang='grc' dir='ltr'><strong><em>τὸν</em></strong></span> <span class='ocrx_word' id='word_1_121' title='bbox 980 1670 1047 1748; x_wconf 91' lang='grc' dir='ltr'><strong><em>βίον</em></strong></span> <span class='ocrx_word' id='word_1_122' title='bbox 1061 1667 1130 1746; x_wconf 73' lang='grc' dir='ltr'><strong><em>ἤδη.</em></strong></span> <span class='ocrx_word' id='word_1_123' title='bbox 1145 1688 1170 1727; x_wconf 85' lang='grc' dir='ltr'><strong><em>ιε</em></strong></span> 
     </span>
     <span class='ocr_line' id='line_1_17' title="bbox 51 1764 1130 1848; baseline -0.01 -13"><span class='ocrx_word' id='word_1_124' title='bbox 51 1790 107 1835; x_wconf 73' lang='grc' dir='ltr'><strong><em>κει</em></strong></span> <span class='ocrx_word' id='word_1_125' title='bbox 183 1770 211 1829; x_wconf 91' lang='lat' dir='ltr'><strong><em>b.</em></strong></span> <span class='ocrx_word' id='word_1_126' title='bbox 235 1767 440 1840; x_wconf 77' lang='grc' dir='ltr'><strong><em>κατεύξατοι</em></strong></span> <span class='ocrx_word' id='word_1_127' title='bbox 472 1767 585 1848; x_wconf 80' lang='grc' dir='ltr'><strong><em>ὥρκισε,</em></strong></span> <span class='ocrx_word' id='word_1_128' title='bbox 623 1767 697 1846; x_wconf 79' lang='grc' dir='ltr'><strong><em>φησὶ</em></strong></span> <span class='ocrx_word' id='word_1_129' title='bbox 723 1765 755 1828; x_wconf 79' lang='grc' dir='ltr'><strong><em>δὲ</em></strong></span> <span class='ocrx_word' id='word_1_130' title='bbox 783 1767 827 1828; x_wconf 85' lang='grc' dir='ltr'><strong><em>ότι</em></strong></span> <span class='ocrx_word' id='word_1_131' title='bbox 856 1768 1044 1846; x_wconf 86' lang='grc' dir='ltr'><strong><em>προετράπην</em></strong></span> <span class='ocrx_word' id='word_1_132' title='bbox 1071 1764 1130 1825; x_wconf 79' lang='grc' dir='ltr'><strong><em>ὑπὸ</em></strong></span> 
     </span>
     <span class='ocr_line' id='line_1_18' title="bbox 116 1863 1130 1946; baseline -0.004 -20"><span class='ocrx_word' id='word_1_133' title='bbox 116 1876 230 1946; x_wconf 84' lang='grc' dir='ltr'><strong><em>τροφοῦ</em></strong></span> <span class='ocrx_word' id='word_1_134' title='bbox 254 1866 296 1938; x_wconf 86' lang='grc' dir='ltr'><strong><em>είς</em></strong></span> <span class='ocrx_word' id='word_1_135' title='bbox 318 1863 395 1925; x_wconf 82' lang='grc' dir='ltr'><strong><em>θέαν</em></strong></span> <span class='ocrx_word' id='word_1_136' title='bbox 418 1866 517 1926; x_wconf 76' lang='grc' dir='ltr'><strong><em>ἐλθεῖν</em></strong></span> <span class='ocrx_word' id='word_1_137' title='bbox 539 1875 591 1944; x_wconf 78' lang='grc' dir='ltr'><strong><em>τῆς</em></strong></span> <span class='ocrx_word' id='word_1_138' title='bbox 613 1875 749 1944; x_wconf 78' lang='grc' dir='ltr'><strong><em>πομπῆς,</em></strong></span> <span class='ocrx_word' id='word_1_139' title='bbox 774 1865 823 1925; x_wconf 83' lang='grc' dir='ltr'><strong><em>καὶ</em></strong></span> <span class='ocrx_word' id='word_1_140' title='bbox 848 1865 924 1926; x_wconf 74' lang='grc' dir='ltr'><strong><em>οὕτω</em></strong></span> <span class='ocrx_word' id='word_1_141' title='bbox 944 1863 1130 1943; x_wconf 79' lang='grc' dir='ltr'><strong><em>συμβέβηκεν</em></strong></span> 
     </span>
     <span class='ocr_line' id='line_1_19' title="bbox 118 1963 455 2043; baseline -0.003 -18"><span class='ocrx_word' id='word_1_142' title='bbox 118 1965 192 2026; x_wconf 81' lang='grc' dir='ltr'><strong><em>ἰδεῖν</em></strong></span> <span class='ocrx_word' id='word_1_143' title='bbox 211 1987 245 2043; x_wconf 87' lang='grc' dir='ltr'><strong><em>με</em></strong></span> <span class='ocrx_word' id='word_1_144' title='bbox 264 1963 315 2024; x_wconf 86' lang='grc' dir='ltr'><strong><em>τὸν</em></strong></span> <span class='ocrx_word' id='word_1_145' title='bbox 333 1963 455 2041; x_wconf 79' lang='grc' dir='ltr'><strong><em>Δέλφιν.</em></strong></span> 
     </span>
    </p>

    <p class='ocr_par' dir='ltr' id='par_1_5' title="bbox 117 2054 1172 2435">
     <span class='ocr_line' id='line_1_20' title="bbox 185 2054 1131 2143; baseline -0.004 -19"><span class='ocrx_word' id='word_1_146' title='bbox 185 2083 208 2124; x_wconf 87' lang='lat' dir='ltr'><strong><em>c.</em></strong></span> <span class='ocrx_word' id='word_1_147' title='bbox 232 2061 251 2122; x_wconf 86' lang='grc' dir='ltr'><strong><em>ά</em></strong></span> <span class='ocrx_word' id='word_1_148' title='bbox 275 2063 496 2143; x_wconf 75' lang='grc' dir='ltr'><strong><em>μεγάλοιτοςε</em></strong></span> <span class='ocrx_word' id='word_1_149' title='bbox 524 2059 542 2140; x_wconf 75' lang='grc' dir='ltr'>ἡ</span> <span class='ocrx_word' id='word_1_150' title='bbox 567 2063 698 2143; x_wconf 81' lang='grc' dir='ltr'><strong><em>μεγάλως</em></strong></span> <span class='ocrx_word' id='word_1_151' title='bbox 721 2061 875 2141; x_wconf 79' lang='grc' dir='ltr'><strong><em>δυστυχής.</em></strong></span> <span class='ocrx_word' id='word_1_152' title='bbox 908 2054 986 2132; x_wconf 86' lang='grc' dir='ltr'><strong><em>οίτος</em></strong></span> <span class='ocrx_word' id='word_1_153' title='bbox 1010 2059 1066 2141; x_wconf 85' lang='grc' dir='ltr'><strong><em>γὰρ</em></strong></span> <span class='ocrx_word' id='word_1_154' title='bbox 1092 2058 1131 2120; x_wconf 82' lang='grc' dir='ltr'><strong><em>οὐ</em></strong></span> 
     </span>
     <span class='ocr_line' id='line_1_21' title="bbox 118 2145 1172 2244; baseline -0.004 -23"><span class='ocrx_word' id='word_1_155' title='bbox 118 2160 211 2239; x_wconf 92' lang='grc' dir='ltr'><strong><em>μόνον</em></strong></span> <span class='ocrx_word' id='word_1_156' title='bbox 231 2157 246 2221; x_wconf 86' lang='grc' dir='ltr'><strong><em>ό</em></strong></span> <span class='ocrx_word' id='word_1_157' title='bbox 265 2161 407 2238; x_wconf 86' lang='grc' dir='ltr'><strong><em>θάνατος,</em></strong></span> <span class='ocrx_word' id='word_1_158' title='bbox 426 2159 498 2221; x_wconf 84' lang='grc' dir='ltr'><strong><em>ἀλλὰ</em></strong></span> <span class='ocrx_word' id='word_1_159' title='bbox 516 2159 565 2221; x_wconf 80' lang='grc' dir='ltr'><strong><em>καὶ</em></strong></span> <span class='ocrx_word' id='word_1_160' title='bbox 583 2160 691 2222; x_wconf 86' lang='grc' dir='ltr'><strong><em>πᾶντὸ</em></strong></span> <span class='ocrx_word' id='word_1_161' title='bbox 707 2160 817 2239; x_wconf 81' lang='grc' dir='ltr'><strong><em>δεινόν,</em></strong></span> <span class='ocrx_word' id='word_1_162' title='bbox 835 2159 868 2221; x_wconf 81' lang='grc' dir='ltr'><strong><em>ἐν</em></strong></span> <span class='ocrx_word' id='word_1_163' title='bbox 887 2145 910 2244; x_wconf 74' lang='grc' dir='ltr'><strong><em>ᾧ</em></strong></span> <span class='ocrx_word' id='word_1_164' title='bbox 926 2155 1002 2237; x_wconf 79' lang='grc' dir='ltr'><strong><em>&lt;οἲ&gt;</em></strong></span> <span class='ocrx_word' id='word_1_165' title='bbox 1021 2153 1130 2242; x_wconf 75' lang='grc' dir='ltr'><strong><em>ᾄδεται.</em></strong></span> <span class='ocrx_word' id='word_1_166' title='bbox 1144 2176 1172 2217; x_wconf 81' lang='grc' dir='ltr'><strong><em>εο</em></strong></span> 
     </span>
     <span class='ocr_line' id='line_1_22' title="bbox 118 2251 1130 2339; baseline -0.003 -21"><span class='ocrx_word' id='word_1_167' title='bbox 118 2259 286 2339; x_wconf 88' lang='grc' dir='ltr'><strong><em>μεγάλοιτος</em></strong></span> <span class='ocrx_word' id='word_1_168' title='bbox 305 2251 360 2319; x_wconf 75' lang='grc' dir='ltr'><strong><em>οὖν</em></strong></span> <span class='ocrx_word' id='word_1_169' title='bbox 375 2255 394 2336; x_wconf 81' lang='grc' dir='ltr'><em>ἡ</em></span> <span class='ocrx_word' id='word_1_170' title='bbox 410 2259 539 2338; x_wconf 84' lang='grc' dir='ltr'><strong><em>μεγάλως</em></strong></span> <span class='ocrx_word' id='word_1_171' title='bbox 553 2257 646 2318; x_wconf 87' lang='grc' dir='ltr'><strong><em>άθλίοι</em></strong></span> <span class='ocrx_word' id='word_1_172' title='bbox 659 2257 709 2319; x_wconf 81' lang='grc' dir='ltr'><strong><em>καὶ</em></strong></span> <span class='ocrx_word' id='word_1_173' title='bbox 724 2258 878 2338; x_wconf 80' lang='grc' dir='ltr'><strong><em>δυστυχής.</em></strong></span> <span class='ocrx_word' id='word_1_174' title='bbox 897 2266 982 2317; x_wconf 85' lang='grc' dir='ltr'><strong><em>τοῦτο</em></strong></span> <span class='ocrx_word' id='word_1_175' title='bbox 998 2255 1030 2317; x_wconf 83' lang='grc' dir='ltr'><strong><em>δέ</em></strong></span> <span class='ocrx_word' id='word_1_176' title='bbox 1044 2272 1130 2334; x_wconf 87' lang='grc' dir='ltr'><strong><em>φησι,</em></strong></span> 
     </span>
     <span class='ocr_line' id='line_1_23' title="bbox 117 2355 754 2435; baseline 0.002 -19"><span class='ocrx_word' id='word_1_177' title='bbox 117 2357 192 2416; x_wconf 82' lang='grc' dir='ltr'><strong><em>διότι</em></strong></span> <span class='ocrx_word' id='word_1_178' title='bbox 211 2355 335 2433; x_wconf 79' lang='grc' dir='ltr'><strong><em>ἐπείσθη</em></strong></span> <span class='ocrx_word' id='word_1_179' title='bbox 354 2362 512 2435; x_wconf 85' lang='grc' dir='ltr'><strong><em>προελθεῖν</em></strong></span> <span class='ocrx_word' id='word_1_180' title='bbox 531 2355 579 2416; x_wconf 82' lang='grc' dir='ltr'><strong><em>ε’πὶ</em></strong></span> <span class='ocrx_word' id='word_1_181' title='bbox 597 2356 652 2435; x_wconf 76' lang='grc' dir='ltr'><strong><em>τὴν</em></strong></span> <span class='ocrx_word' id='word_1_182' title='bbox 670 2355 754 2417; x_wconf 75' lang='grc' dir='ltr'><strong><em>θέαν.</em></strong></span> 
     </span>
    </p>
   </div>
   <div class='ocr_carea' id='block_1_3' title="bbox 116 2505 1131 3003">
    <p class='ocr_par' dir='ltr' id='par_1_6' title="bbox 116 2505 1131 3003">
     <span class='ocr_line' id='line_1_24' title="bbox 189 2505 1129 2578; baseline 0.001 -18"><span class='ocrx_word' id='word_1_183' title='bbox 189 2519 217 2561; x_wconf 75' lang='grc'><strong><em>19</em></strong></span> <span class='ocrx_word' id='word_1_184' title='bbox 235 2509 312 2562; x_wconf 67' lang='lat' dir='ltr'><strong>Euat.</strong></span> <span class='ocrx_word' id='word_1_185' title='bbox 329 2514 405 2575; x_wconf 85' lang='grc'>1186,</span> <span class='ocrx_word' id='word_1_186' title='bbox 420 2515 467 2563; x_wconf 79' lang='lat'><strong><em>48:</em></strong></span> <span class='ocrx_word' id='word_1_187' title='bbox 488 2509 547 2563; x_wconf 80' lang='grc' dir='ltr'><strong><em>ἐπεὶ</em></strong></span> <span class='ocrx_word' id='word_1_188' title='bbox 565 2510 668 2564; x_wconf 82' lang='grc' dir='ltr'><strong><em>ταύτὸν</em></strong></span> <span class='ocrx_word' id='word_1_189' title='bbox 688 2505 762 2573; x_wconf 81' lang='grc' dir='ltr'><strong><em>οἶτος</em></strong></span> <span class='ocrx_word' id='word_1_190' title='bbox 780 2511 828 2563; x_wconf 82' lang='grc' dir='ltr'><strong><em>καί</em></strong></span> <span class='ocrx_word' id='word_1_191' title='bbox 847 2508 952 2578; x_wconf 88' lang='grc' dir='ltr'><strong><em>μόρος.</em></strong></span> <span class='ocrx_word' id='word_1_192' title='bbox 969 2549 975 2561; x_wconf 91' lang='grc'><strong>.</strong></span> <span class='ocrx_word' id='word_1_193' title='bbox 990 2551 997 2564; x_wconf 92' lang='grc'><strong><em>.</em></strong></span> <span class='ocrx_word' id='word_1_194' title='bbox 1012 2506 1129 2562; x_wconf 79' lang='grc' dir='ltr'><strong><em>ἀκολού-</em></strong></span> 
     </span>
     <span class='ocr_line' id='line_1_25' title="bbox 116 2576 1129 2651; baseline -0.002 -17"><span class='ocrx_word' id='word_1_195' title='bbox 116 2585 178 2643; x_wconf 87' lang='grc' dir='ltr'><strong><em>θως</em></strong></span> <span class='ocrx_word' id='word_1_196' title='bbox 196 2580 273 2647; x_wconf 83' lang='grc' dir='ltr'><strong><em>παρὰ</em></strong></span> <span class='ocrx_word' id='word_1_197' title='bbox 294 2576 433 2651; x_wconf 83' lang='grc' dir='ltr'><strong><em>Θεοκρίτῳ</em></strong></span> <span class='ocrx_word' id='word_1_198' title='bbox 452 2580 614 2649; x_wconf 85' lang='grc' dir='ltr'><strong><em>μεγάλοιτος</em></strong></span> <span class='ocrx_word' id='word_1_199' title='bbox 631 2591 719 2636; x_wconf 86' lang='grc' dir='ltr'><strong><em>κεῖται</em></strong></span> <span class='ocrx_word' id='word_1_200' title='bbox 734 2581 748 2634; x_wconf 84' lang='grc' dir='ltr'>ὁ</span> <span class='ocrx_word' id='word_1_201' title='bbox 763 2580 840 2635; x_wconf 89' lang='grc' dir='ltr'><strong><em>πάνυ</em></strong></span> <span class='ocrx_word' id='word_1_202' title='bbox 855 2579 991 2650; x_wconf 77' lang='grc' dir='ltr'><strong><em>δυστυχὴς</em></strong></span> <span class='ocrx_word' id='word_1_203' title='bbox 1003 2577 1129 2648; x_wconf 79' lang='grc' dir='ltr'><strong><em>ληφθέν·</em></strong></span> 
     </span>
     <span class='ocr_line' id='line_1_26' title="bbox 116 2649 1128 2724; baseline 0.002 -19"><span class='ocrx_word' id='word_1_204' title='bbox 116 2672 164 2714; x_wconf 83' lang='grc' dir='ltr'><strong><em>τος</em></strong></span> <span class='ocrx_word' id='word_1_205' title='bbox 181 2661 231 2705; x_wconf 88' lang='grc' dir='ltr'><strong><em>τοῦ</em></strong></span> <span class='ocrx_word' id='word_1_206' title='bbox 250 2651 327 2705; x_wconf 85' lang='grc' dir='ltr'><strong><em>οίτου</em></strong></span> <span class='ocrx_word' id='word_1_207' title='bbox 342 2651 381 2712; x_wconf 87' lang='grc' dir='ltr'><strong><em>είς</em></strong></span> <span class='ocrx_word' id='word_1_208' title='bbox 394 2653 426 2704; x_wconf 87' lang='grc' dir='ltr'><strong><em>τό</em></strong></span> <span class='ocrx_word' id='word_1_209' title='bbox 445 2672 480 2719; x_wconf 92' lang='grc' dir='ltr'><strong><em>ην</em></strong></span> <span class='ocrx_word' id='word_1_210' title='bbox 495 2649 596 2720; x_wconf 86' lang='grc' dir='ltr'><strong><em>ὁμοίως</em></strong></span> <span class='ocrx_word' id='word_1_211' title='bbox 609 2657 647 2724; x_wconf 74' lang='grc' dir='ltr'><strong><em>τῷ</em></strong></span> <span class='ocrx_word' id='word_1_212' title='bbox 658 2649 740 2724; x_wconf 80' lang='grc' dir='ltr'><strong><em>μόρῳ.</em></strong></span> <span class='ocrx_word' id='word_1_213' title='bbox 795 2652 948 2718; x_wconf 79' lang='lat' dir='ltr'>ib.696‚21</span> <span class='ocrx_word' id='word_1_214' title='bbox 1005 2649 1128 2708; x_wconf 57' lang='lat' dir='ltr'>EtGelk</span> 
     </span>
     <span class='ocr_line' id='line_1_27' title="bbox 118 2671 1131 2792; baseline -0.001 -16"><span class='ocrx_word' id='word_1_215' title='bbox 118 2723 171 2792; x_wconf 73' lang='lat' dir='ltr'><strong>(Et.</strong></span> <span class='ocrx_word' id='word_1_216' title='bbox 186 2723 222 2776; x_wconf 83' lang='lat' dir='ltr'><strong><em>M.</em></strong></span> <span class='ocrx_word' id='word_1_217' title='bbox 239 2729 303 2788; x_wconf 83' lang='grc'><strong><em>619,</em></strong></span> <span class='ocrx_word' id='word_1_218' title='bbox 319 2725 374 2790; x_wconf 76' lang='grc'>26);</span> <span class='ocrx_word' id='word_1_219' title='bbox 403 2671 488 2785; x_wconf 63' lang='grc' dir='ltr'><strong><em>οίόος·</em></strong></span> <span class='ocrx_word' id='word_1_220' title='bbox 515 2727 637 2791; x_wconf 82' lang='grc' dir='ltr'><strong><em>θρῆνος,</em></strong></span> <span class='ocrx_word' id='word_1_221' title='bbox 662 2723 759 2791; x_wconf 84' lang='grc' dir='ltr'><strong><em>μόρος,</em></strong></span> <span class='ocrx_word' id='word_1_222' title='bbox 784 2723 922 2784; x_wconf 85' lang='grc' dir='ltr'><strong><em>θάνατος·</em></strong></span> <span class='ocrx_word' id='word_1_223' title='bbox 949 2721 1028 2791; x_wconf 80' lang='grc' dir='ltr'><strong><em>παρὰ</em></strong></span> <span class='ocrx_word' id='word_1_224' title='bbox 1050 2721 1081 2776; x_wconf 86' lang='grc' dir='ltr'><strong><em>τὸ</em></strong></span> <span class='ocrx_word' id='word_1_225' title='bbox 1101 2718 1131 2775; x_wconf 78' lang='grc' dir='ltr'><strong><em>οἳ</em></strong></span> 
     </span>
     <span class='ocr_line' id='line_1_28' title="bbox 117 2787 1128 2865; baseline -0.002 -17"><span class='ocrx_word' id='word_1_226' title='bbox 117 2797 164 2848; x_wconf 79' lang='grc' dir='ltr'><strong><em>καί</em></strong></span> <span class='ocrx_word' id='word_1_227' title='bbox 185 2796 231 2863; x_wconf 82' lang='grc' dir='ltr'><strong><em>μοί</em></strong></span> <span class='ocrx_word' id='word_1_228' title='bbox 246 2803 399 2862; x_wconf 83' lang='grc' dir='ltr'><strong><em>στεναγμοῦ</em></strong></span> <span class='ocrx_word' id='word_1_229' title='bbox 414 2791 552 2861; x_wconf 77' lang='grc' dir='ltr'><strong><em>ἐπίρρημα</em></strong></span> <span class='ocrx_word' id='word_1_230' title='bbox 588 2791 662 2858; x_wconf 86' lang='grc' dir='ltr'><strong><em>παρὸ</em></strong></span> <span class='ocrx_word' id='word_1_231' title='bbox 677 2795 722 2848; x_wconf 77' lang='grc' dir='ltr'><strong><em>καὶ</em></strong></span> <span class='ocrx_word' id='word_1_232' title='bbox 738 2795 788 2849; x_wconf 85' lang='grc' dir='ltr'><strong><em>τὸν</em></strong></span> <span class='ocrx_word' id='word_1_233' title='bbox 802 2793 912 2865; x_wconf 74' lang='grc' dir='ltr'><strong><em>μόχθον</em></strong></span> <span class='ocrx_word' id='word_1_234' title='bbox 926 2796 1007 2862; x_wconf 84' lang='grc' dir='ltr'><strong><em>δηλοῖ</em></strong></span> <span class='ocrx_word' id='word_1_235' title='bbox 1037 2787 1128 2863; x_wconf 74' lang='grc' dir='ltr'><strong><em>Ὦρος.</em></strong></span> 
     </span>
     <span class='ocr_line' id='line_1_29' title="bbox 116 2861 1127 2935; baseline -0.002 -15"><span class='ocrx_word' id='word_1_236' title='bbox 116 2865 134 2934; x_wconf 79' lang='grc' dir='ltr'>ἢ</span> <span class='ocrx_word' id='word_1_237' title='bbox 157 2866 234 2932; x_wconf 81' lang='grc' dir='ltr'><strong><em>παρά</em></strong></span> <span class='ocrx_word' id='word_1_238' title='bbox 257 2866 288 2919; x_wconf 84' lang='grc' dir='ltr'><strong><em>τὸ</em></strong></span> <span class='ocrx_word' id='word_1_239' title='bbox 312 2865 377 2919; x_wconf 89' lang='grc' dir='ltr'><strong><em>οίοω</em></strong></span> <span class='ocrx_word' id='word_1_240' title='bbox 401 2866 494 2927; x_wconf 89' lang='grc' dir='ltr'><strong><em>οίστὸς</em></strong></span> <span class='ocrx_word' id='word_1_241' title='bbox 516 2867 565 2918; x_wconf 82' lang='grc' dir='ltr'><strong><em>καλ</em></strong></span> <span class='ocrx_word' id='word_1_242' title='bbox 588 2867 713 2935; x_wconf 78' lang='grc' dir='ltr'><strong><em>ἀποβολῇ</em></strong></span> <span class='ocrx_word' id='word_1_243' title='bbox 737 2875 786 2920; x_wconf 87' lang='grc' dir='ltr'><strong><em>τοῦ</em></strong></span> <span class='ocrx_word' id='word_1_244' title='bbox 806 2869 822 2919; x_wconf 73' lang='grc' dir='ltr'><strong><em>ὃ</em></strong></span> <span class='ocrx_word' id='word_1_245' title='bbox 841 2861 923 2927; x_wconf 83' lang='grc' dir='ltr'><strong><em>οἶτος.</em></strong></span> <span class='ocrx_word' id='word_1_246' title='bbox 996 2864 1040 2918; x_wconf 77' lang='lat' dir='ltr'><strong><em>Et.</em></strong></span> <span class='ocrx_word' id='word_1_247' title='bbox 1056 2863 1127 2919; x_wconf 80' lang='lat' dir='ltr'><strong>Gud.</strong></span> 
     </span>
     <span class='ocr_line' id='line_1_30' title="bbox 117 2937 970 3003; baseline -0.001 -12"><span class='ocrx_word' id='word_1_248' title='bbox 117 2937 322 3003; x_wconf 77' lang='lat' dir='ltr'>423‚108turz</span> <span class='ocrx_word' id='word_1_249' title='bbox 377 2937 588 3002; x_wconf 75' lang='lat' dir='ltr'>Et.0r.113‚8</span> <span class='ocrx_word' id='word_1_250' title='bbox 967 2953 970 2959; x_wconf 84' lang='lat'>&#39;</span> 
     </span>
    </p>
   </div>
   <div class='ocr_carea' id='block_1_4' title="bbox 116 3077 1129 3574">
    <p class='ocr_par' dir='ltr' id='par_1_7' title="bbox 116 3077 1129 3574">
     <span class='ocr_line' id='line_1_31' title="bbox 188 3077 1127 3150; baseline 0.005 -20"><span class='ocrx_word' id='word_1_251' title='bbox 188 3090 202 3130; x_wconf 71' lang='grc' dir='ltr'><strong><em>ε</em></strong></span> <span class='ocrx_word' id='word_1_252' title='bbox 221 3080 371 3133; x_wconf 84' lang='grc' dir='ltr'><strong><em>εἰώθεισαν</em></strong></span> <span class='ocrx_word' id='word_1_253' title='bbox 390 3080 421 3134; x_wconf 76' lang='grc' dir='ltr'><strong><em>δὲ</em></strong></span> <span class='ocrx_word' id='word_1_254' title='bbox 440 3081 489 3133; x_wconf 83' lang='grc' dir='ltr'><strong><em>καί</em></strong></span> <span class='ocrx_word' id='word_1_255' title='bbox 506 3084 555 3131; x_wconf 77' lang='grc' dir='ltr'><strong><em>ΕΔ</em></strong></span> <span class='ocrx_word' id='word_1_256' title='bbox 637 3090 665 3131; x_wconf 85' lang='grc' dir='ltr'><strong><em>ιῦ</em></strong></span> <span class='ocrx_word' id='word_1_257' title='bbox 683 3082 880 3134; x_wconf 80' lang='grc' dir='ltr'><strong><em>ἐπικαλοῦνται</em></strong></span> <span class='ocrx_word' id='word_1_258' title='bbox 898 3077 1028 3133; x_wconf 78' lang='lat' dir='ltr'>Meineke</span> <span class='ocrx_word' id='word_1_259' title='bbox 1047 3080 1127 3150; x_wconf 72' lang='lat' dir='ltr'><strong><em>Fym.</em></strong></span> 
     </span>
     <span class='ocr_line' id='line_1_32' title="bbox 117 3150 1129 3222; baseline -0.002 -16"><span class='ocrx_word' id='word_1_260' title='bbox 117 3168 181 3206; x_wconf 85' lang='grc' dir='ltr'><strong><em>οοκι.</em></strong></span> <span class='ocrx_word' id='word_1_261' title='bbox 196 3168 236 3220; x_wconf 77' lang='grc' dir='ltr'><strong><em>γε.</em></strong></span> <span class='ocrx_word' id='word_1_262' title='bbox 253 3152 399 3215; x_wconf 67' lang='grc'><strong><em>171841,</em></strong></span> <span class='ocrx_word' id='word_1_263' title='bbox 414 3155 463 3205; x_wconf 82' lang='lat'><strong><em>82:</em></strong></span> <span class='ocrx_word' id='word_1_264' title='bbox 493 3151 686 3204; x_wconf 83' lang='grc' dir='ltr'><strong><em>ἐπικαλεῖσθαι</em></strong></span> <span class='ocrx_word' id='word_1_265' title='bbox 710 3152 803 3204; x_wconf 84' lang='lat' dir='ltr'><strong>codd.:</strong></span> <span class='ocrx_word' id='word_1_266' title='bbox 833 3150 1009 3222; x_wconf 77' lang='grc' dir='ltr'><strong><em>(εἰώθασιν)</em></strong></span> <span class='ocrx_word' id='word_1_267' title='bbox 1033 3151 1129 3205; x_wconf 81' lang='grc' dir='ltr'><strong><em>ἐπικα-</em></strong></span> 
     </span>
     <span class='ocr_line' id='line_1_33' title="bbox 117 3221 1094 3292; baseline 0 -16"><span class='ocrx_word' id='word_1_268' title='bbox 117 3225 228 3276; x_wconf 83' lang='grc' dir='ltr'><strong><em>λεῖσθαι</em></strong></span> <span class='ocrx_word' id='word_1_269' title='bbox 238 3221 379 3275; x_wconf 82' lang='lat' dir='ltr'>Duebner:</span> <span class='ocrx_word' id='word_1_270' title='bbox 393 3221 734 3286; x_wconf 78' lang='grc' dir='ltr'><strong><em>ἐπικαλεῖσθαι-ἀξιοῦσι</em></strong></span> <span class='ocrx_word' id='word_1_271' title='bbox 746 3229 974 3292; x_wconf 81' lang='grc' dir='ltr'><strong><em>συγγνωμονῆσαι</em></strong></span> <span class='ocrx_word' id='word_1_272' title='bbox 983 3223 1094 3276; x_wconf 77' lang='grc' dir='ltr'><strong><em>Αλιεοιιε</em></strong></span> 
     </span>
     <span class='ocr_line' id='line_1_34' title="bbox 116 3292 1128 3362; baseline 0.002 -16"><span class='ocrx_word' id='word_1_273' title='bbox 116 3305 144 3347; x_wconf 77' lang='grc' dir='ltr'><strong><em>ιο</em></strong></span> <span class='ocrx_word' id='word_1_274' title='bbox 163 3292 217 3362; x_wconf 83' lang='grc' dir='ltr'><strong><em>ἤδη</em></strong></span> <span class='ocrx_word' id='word_1_275' title='bbox 232 3310 286 3346; x_wconf 88' lang='lat' dir='ltr'><strong><em>om.</em></strong></span> <span class='ocrx_word' id='word_1_276' title='bbox 296 3301 320 3345; x_wconf 81' lang='lat' dir='ltr'>K</span> <span class='ocrx_word' id='word_1_277' title='bbox 391 3303 419 3344; x_wconf 87' lang='grc' dir='ltr'><strong><em>1ο</em></strong></span> <span class='ocrx_word' id='word_1_278' title='bbox 433 3292 544 3358; x_wconf 78' lang='grc' dir='ltr'><strong><em>ὥρκωσε</em></strong></span> <span class='ocrx_word' id='word_1_279' title='bbox 558 3298 607 3346; x_wconf 79' lang='grc' dir='ltr'><strong><em>ΕΔ</em></strong></span> <span class='ocrx_word' id='word_1_280' title='bbox 659 3293 839 3362; x_wconf 88' lang='grc' dir='ltr'><strong><em>προετράπην</em></strong></span> <span class='ocrx_word' id='word_1_281' title='bbox 852 3294 952 3346; x_wconf 79' lang='lat' dir='ltr'>Adert:</span> <span class='ocrx_word' id='word_1_282' title='bbox 966 3293 1128 3361; x_wconf 84' lang='grc' dir='ltr'><strong><em>προετράπη</em></strong></span> 
     </span>
     <span class='ocr_line' id='line_1_35' title="bbox 116 3363 1092 3436; baseline 0.001 -19"><span class='ocrx_word' id='word_1_283' title='bbox 116 3370 177 3418; x_wconf 71' lang='lat' dir='ltr'><strong><em>EA:</em></strong></span> <span class='ocrx_word' id='word_1_284' title='bbox 192 3364 355 3433; x_wconf 68' lang='grc' dir='ltr'><strong><em>προετράπη</em></strong></span> <span class='ocrx_word' id='word_1_285' title='bbox 369 3371 393 3416; x_wconf 83' lang='lat' dir='ltr'>K</span> <span class='ocrx_word' id='word_1_286' title='bbox 464 3375 492 3416; x_wconf 73' lang='lat'><strong><em>10</em></strong></span> <span class='ocrx_word' id='word_1_287' title='bbox 507 3367 539 3418; x_wconf 87' lang='grc' dir='ltr'><strong><em>οό</em></strong></span> <span class='ocrx_word' id='word_1_288' title='bbox 555 3363 815 3436; x_wconf 80' lang='grc' dir='ltr'><strong><em>μόνον-δυστυχής</em></strong></span> <span class='ocrx_word' id='word_1_289' title='bbox 829 3368 890 3418; x_wconf 74' lang='lat' dir='ltr'><strong><em>EA:</em></strong></span> <span class='ocrx_word' id='word_1_290' title='bbox 908 3363 923 3416; x_wconf 88' lang='grc' dir='ltr'>ὁ</span> <span class='ocrx_word' id='word_1_291' title='bbox 939 3363 1056 3431; x_wconf 82' lang='grc' dir='ltr'><strong><em>ὄλεθρος</em></strong></span> <span class='ocrx_word' id='word_1_292' title='bbox 1069 3372 1092 3418; x_wconf 78' lang='grc' dir='ltr'><strong><em>Κ</em></strong></span> 
     </span>
     <span class='ocr_line' id='line_1_36' title="bbox 116 3431 1091 3506; baseline 0.002 -17"><span class='ocrx_word' id='word_1_293' title='bbox 116 3447 146 3489; x_wconf 76' lang='grc' dir='ltr'><strong><em>ιο</em></strong></span> <span class='ocrx_word' id='word_1_294' title='bbox 164 3437 229 3489; x_wconf 76' lang='lat' dir='ltr'><strong>add.</strong></span> <span class='ocrx_word' id='word_1_295' title='bbox 245 3436 375 3490; x_wconf 82' lang='lat' dir='ltr'>Duebner</span> <span class='ocrx_word' id='word_1_296' title='bbox 481 3446 510 3487; x_wconf 75' lang='grc' dir='ltr'><strong><em>ου</em></strong></span> <span class='ocrx_word' id='word_1_297' title='bbox 530 3436 602 3490; x_wconf 77' lang='grc' dir='ltr'><strong><em>διότι</em></strong></span> <span class='ocrx_word' id='word_1_298' title='bbox 621 3435 737 3506; x_wconf 81' lang='grc' dir='ltr'><strong><em>ἐπείσθη</em></strong></span> <span class='ocrx_word' id='word_1_299' title='bbox 756 3443 791 3489; x_wconf 79' lang='lat' dir='ltr'><strong><em>K:</em></strong></span> <span class='ocrx_word' id='word_1_300' title='bbox 811 3433 854 3490; x_wconf 86' lang='grc' dir='ltr'><strong><em>όιι</em></strong></span> <span class='ocrx_word' id='word_1_301' title='bbox 873 3431 1007 3504; x_wconf 76' lang='grc' dir='ltr'><strong><em>ἐπείσθην</em></strong></span> <span class='ocrx_word' id='word_1_302' title='bbox 1026 3440 1091 3491; x_wconf 77' lang='lat' dir='ltr'>cett.</span> 
     </span>
     <span class='ocr_line' id='line_1_37' title="bbox 116 3506 922 3574; baseline -0.004 -13"><span class='ocrx_word' id='word_1_303' title='bbox 116 3510 265 3573; x_wconf 81' lang='grc' dir='ltr'><strong><em>προελθεῖν</em></strong></span> <span class='ocrx_word' id='word_1_304' title='bbox 285 3506 399 3561; x_wconf 82' lang='lat' dir='ltr'>Reiske:</span> <span class='ocrx_word' id='word_1_305' title='bbox 419 3511 586 3574; x_wconf 84' lang='grc' dir='ltr'><strong><em>προσελθεῖν</em></strong></span> <span class='ocrx_word' id='word_1_306' title='bbox 605 3508 683 3561; x_wconf 89' lang='lat' dir='ltr'><strong>codd.</strong></span> <span class='ocrx_word' id='word_1_307' title='bbox 740 3508 786 3563; x_wconf 81' lang='grc' dir='ltr'><strong><em>ἐπὶ</em></strong></span> <span class='ocrx_word' id='word_1_308' title='bbox 805 3523 857 3561; x_wconf 91' lang='lat' dir='ltr'><strong><em>om.</em></strong></span> <span class='ocrx_word' id='word_1_309' title='bbox 873 3510 922 3559; x_wconf 71' lang='lat' dir='ltr'>n</span> 
     </span>
    </p>
   </div>
   <div class='ocr_carea' id='block_1_5' title="bbox 0 0 1224 3870">
    <p class='ocr_par' dir='ltr' id='par_1_8' title="bbox 0 0 1224 3870">
     <span class='ocr_line' id='line_1_38' title="bbox 0 0 1224 3870; baseline 0 1"><span class='ocrx_word' id='word_1_310' title='bbox 0 0 1224 3870; x_wconf 95' lang='lat' dir='ltr'><strong><em> </em></strong></span> 
     </span>
    </p>
   </div>
  </div>
 </body>
</html>
