2446 3870
400 141 513 196 Scholia
531 141 594 195 XIII
608 141 764 196 III-420
1027 141 1092 204 265

79 312 179 388 ὕδατι,
198 310 275 389 ἐπεί,
293 308 345 371 ἐὰν
364 308 532 388 έπιχεόηται
548 308 629 384 άδωρ
648 306 773 368 ἐπὶτῶν
792 307 927 385 φύλλων,
947 306 983 367 οὐ
1003 306 1093 386 μένει,
1173 339 1174 342 “

80 405 141 469 ἀλλ’
164 406 340 470 όλισθαλνει·
365 408 467 468 δεῦσαι
485 404 541 487 γάρ
559 404 592 466 τὸ
610 404 720 486 βρέξαι.

147 537 170 576 ο.
194 515 409 596 χελιδόνιοντ
437 514 584 596 φυτάριον
607 513 831 591 πλατύφυλλον,
861 511 951 590 μέλαν
974 509 1014 585 ὡς
1037 510 1056 590 ἡ
1081 523 1202 570 unm

81 615 216 694 χελιδών,
239 610 302 692 <ID
320 609 336 674 λλ
355 612 416 691 ἄμα
435 618 474 697 τῷ
491 620 626 689 φανῆναι
644 610 698 687 τὴν
717 610 851 690 χελιδόνα
870 609 967 671 ἀνθεῖ.

56 743 67 782 υ
149 723 176 782 δ.
199 719 295 782 καὶτὸ
310 719 481 780 ἀδίαντον
497 717 529 779 δέ
542 718 602 780 ἐστι
617 717 776 790 διαπαντὸς
790 715 918 798 ἄβροχον
928 716 978 778 καὶ
986 716 1182 797 ταχέωςιιελε

83 817 122 892 ὡς
141 818 365 899 ξηραινόμενον,
383 816 440 877 κάν
459 817 539 898 ὕδωρ
561 817 641 902 αὐτῷ
657 816 807 900 ἐπιβληθῇ
829 814 878 875 καλ
899 813 1034 900 έπιχεθῇ,
1053 817 1094 875 δι-

83 917 255 977 ολισθαίνει.

150 1044 173 1083 ο.
197 1023 257 1084 ἔστι
276 1020 307 1082 δὲ
323 1023 426 1101 ὅμοιον
439 1022 574 1106 πηγάνῳ,
593 1021 628 1103 τὰ
645 1021 742 1099 φύλλα
756 1021 822 1102 έχον
838 1020 995 1101 μικρότατα
1009 1020 1059 1082 καλ
1083 1033 1204 1080 mm

84 1120 201 1198 μέλανα.
235 1119 345 1180 καυλὸν
364 1115 391 1179 δ’
413 1121 468 1181 οὐκ
486 1120 542 1199 ἔχει
561 1117 632 1181 οὐδέ
650 1117 747 1193 ἄνθος
766 1117 836 1180 οὐδὲ
859 1119 988 1200 καρπόν,
1013 1121 1096 1200 ῥίζαν

45 1241 69 1280 ω
85 1217 116 1279 δέ
135 1218 229 1297 μόνον
247 1216 392 1298 ἄχρηστον
411 1217 460 1278 καὶ
477 1217 595 1296 λεπτόν.

151 1329 170 1387 f.
195 1325 227 1386 τὸ
251 1324 423 1386 ἀδίαντον
446 1325 557 1404 βοτάνη
579 1324 657 1385 ἐστὶν
676 1323 721 1385 ἀεὶ
739 1323 872 1404 ἄβροχος.
907 1324 980 1385 ὅθεν
998 1323 1048 1384 καὶ
1068 1324 1098 1385 τὸ

86 1423 189 1502 ὄνομα,
209 1421 266 1483 άπὸ
285 1433 337 1483 τοῦ
356 1423 375 1480 ά
395 1432 564 1504 στερητικοῦ
579 1424 684 1502 μορίου
699 1421 814 1483 καὶτοῦ
829 1421 980 1482 διαίνωτὸ
995 1421 1099 1502 βρέχω,

86 1521 140 1603 ἤγο
163 1547 180 1582 ν
199 1521 231 1582 τὸ
243 1522 387 1600 ’μηδόλως
405 1521 582 1601 βρεχόμενον
601 1520 650 1581 διδι
669 1521 701 1582 τὸ
720 1515 796 1581 εἶναι
815 1517 911 1602 ὀρθόν
932 1543 959 1580 τι
977 1519 1027 1581 καὶ
1045 1516 1104 1592 ὀξέι

86 1546 297 1701 καλᾶγλίσχρον.

48 1774 72 1814 ω
155 1758 234 1816 42ο.
258 1754 432 1833 εἰλιτενης
459 1752 698 1836 <ἄγρωστις>ι
730 1751 749 1832 ἡ
777 1752 933 1833 εἰλουμένη
961 1751 1019 1814 ἀπὸ
1047 1761 1126 1830 τῆςκ

87 1853 272 1933 βλαστήσεως
290 1854 468 1926 κισσοειδῶς.
501 1852 560 1914 ἔστι
579 1850 611 1913 δέ
629 1852 806 1931 πρασοειδης
826 1852 945 1931 βοτάνη.

154 1963 181 2020 b.
205 1957 430 2038 <εἰλιτενης>
448 1958 635 2040 ἄγρωστιςε
660 1955 677 2035 ἡ
698 1956 946 2037 συνεστραμμένη,
966 1957 1044 2017 καθὸ
1059 1957 1210 2024 εἰ-υιλρῐ

88 2064 177 2118 λεῖται
204 2056 251 2116 ἐπὶ
280 2068 373 2135 μῆκος
401 2055 450 2116 καὶ
477 2055 677 2135 περιπλέκεται
702 2062 762 2126 τοῖς
790 2061 896 2131 φυτοῖς
924 2057 1101 2127 κισσοειδῶς.

89 2154 232 2236 ἄγρωστις
251 2153 283 2214 δέ
301 2153 380 2214 ἔστιν
399 2151 417 2230 ἡ
437 2153 516 2233 παρὰ
535 2159 596 2224 τοῖς
614 2159 752 2233 γεωργοῖς
771 2151 858 2233 ἀγρία
876 2151 1052 2231 καλουμένη.

51 2283 75 2319 νο
158 2283 181 2321 ο.
204 2260 259 2339 τὴν
287 2258 461 2342 ἄγρωστιν
489 2259 570 2321 ἄλλοι
599 2258 672 2338 φασὶ
700 2259 831 2338 βοτάνην
858 2259 1036 2339 πρασοειδη,
1064 2256 1103 2337 ἣν

91 2360 244 2431 ἰδιωτικῶς
263 2377 337 2435 φασι
355 2359 553 2436 κολλητζίδοιν.

162 2560 189 2602 15
208 2549 252 2603 EI.
268 2549 335 2604 Gen.
351 2549 405 2619 (Et.
421 2549 458 2602 M.
474 2554 534 2614 299,
551 2553 606 2617 17):
627 2548 760 2617 εἰλιτενης
778 2549 885 2616 (γονης
903 2551 937 2615 Α)
957 2547 1103 2616 ἄγρωστις·

94 2617 255 2688 Θεόκριτος·
281 2622 341 2676 *καὶ
365 2620 497 2688 ελλιτενης
520 2620 674 2688 ἄγρωστις’.
709 2619 726 2688 ἡ
745 2621 775 2674 ἐν
794 2629 853 2682 τοῖς
872 2620 943 2674 έλισι
960 2619 1105 2687 τεινομένη

91 2692 233 2761 (γινομένη
249 2693 338 2758 codd„
358 2709 409 2746 em.
425 2692 577 2760 Meineke)·
596 2687 738 2762 ὁιζοβόλος
752 2691 805 2760 γὰρ
819 2692 868 2746 καλ
883 2691 911 2760 (ἡ
927 2689 1017 2754 codd„
1037 2707 1106 2743 corr.

92 2764 294 2831 Wordsworth)
316 2764 432 2818 ἐπιπολὺ
452 2761 641 2832 διϊκνουμένη,
661 2766 828 2834 πλεονασμῷ
842 2771 891 2816 τοῦ
911 2768 928 2816 ῖ
947 2761 986 2831 (in
1006 2761 1106 2815 cod.A

92 2837 193 2889 desunt
211 2837 296 2890 verba
317 2833 460 2902 Θεόκρ-
475 2834 611 2904 ἄγρωστις
630 2837 659 2888 ολ
678 2831 817 2904 ὁιζοβόλος
836 2836 924 2901 seqq.)
979 2832 1023 2886 Et.
1039 2831 1106 2886 Gen.

93 2907 145 2975 (Et.
162 2907 198 2960 M.
215 2913 274 2972 330,
287 2910 331 2972 38)
347 2908 393 2961 eit.
409 2907 445 2960 ad
460 2908 516 2960 sch.
532 2906 619 2959 1301>
674 2905 795 2973 Hesych.
811 2903 997 2977 <ε>ἰλιτενής·
1014 2903 1108 2965 κισσὸς

92 2978 226 3044 ἄκαρπος.
282 2979 338 3031 sch.
355 2978 438 3047 Soph.
454 2979 519 3032 Ant.
535 2983 586 3030 826
663 2988 691 3029 1⁹
709 2977 828 3044 Hesych.
845 2975 920 3028 Suid.
937 2975 1072 3044 άγρωστις

93 3050 170 3102 Eunt.
187 3056 264 3115 1553,
280 3055 313 3102 36

171 3247 185 3288 8
204 3237 275 3307 ὡςη
296 3243 352 3290 GP:
373 3237 436 3290 ὡσεὶ
455 3239 519 3289 cett.
602 3246 616 3287 ι
636 3234 726 3303 suppl.
742 3233 944 3302 Hemsterhuys
998 3233 1049 3301 τὴν
1067 3251 1109 3301 χε-

93 3307 193 3363 λιδόνα
208 3308 321 3362 Reiske:
337 3316 369 3378 τῇ
385 3305 506 3377 χελιδόνι
521 3307 602 3361 codd.
674 3317 688 3357 6
705 3303 759 3359 κᾶν
773 3305 911 3360 Piceolos:
928 3306 977 3358 κοιλ
991 3304 1072 3358 codd.

94 3391 122 3433 ιο
141 3378 230 3448 μόνην
251 3384 326 3432 m
416 3389 443 3431 ω
467 3378 565 3432 addidi
656 3388 682 3429 ιτ
703 3376 794 3446 suppl.
815 3375 883 3430 Call.
974 3386 1002 3428 ιο
1021 3374 1107 3429 verba

94 3449 422 3519 ἄχρωστις-κυιλουμένη
442 3450 561 3505 alteram
581 3448 680 3504 scholii
694 3451 804 3516 partem
818 3446 992 3516 praecedunt
1006 3446 1036 3498 in
1050 3449 1072 3497 u

95 3534 122 3576 21
146 3520 325 3590 κολλητζέδαν
344 3529 375 3576 Τε
396 3521 456 3576 -ίδα
475 3524 540 3576 cett.
