2438 3870
155 128 199 195 80
497 129 609 184 Scholia
628 130 678 184 VH
693 130 827 202 bstux-m
906 172 910 181 .

154 295 323 381 Βουρένης.’
350 298 492 375 Νικάνωρ
511 295 543 358 δέ
562 295 578 360 δ
598 301 686 382 Κῷος
704 297 953 378 ὑπομνηματέζων
970 299 1060 379 φησί·
1081 296 1169 361 ’Βοά-

154 421 223 479 ρινα
236 396 317 477 πηγὴ
331 396 364 459 έν
377 406 412 482 τῇ
428 396 508 481 νήσῳ
523 394 611 474 ἐστίν,
629 388 667 473 ἧς
684 394 717 457 τὸ
736 396 896 477 πρόσωπον
910 398 982 476 βοὸς
1000 396 1063 480 ρινλ
1076 419 1169 480 παρα·

153 491 300 573 πλήσιον.’
324 493 384 555 ἔστι
402 491 434 556 δέ
452 492 561 575 ῥέουσα
578 492 610 554 έκ
627 493 734 576 πέτρας
753 494 803 556 διὰ
821 494 892 574 βοδς
910 499 1052 576 κεφαλῆς.
1081 493 1169 576 ἢτην

155 592 284 673 μεγάλην
303 591 353 653 διδ
370 601 423 653 τοῦ
446 589 503 672 βο-ιι
522 591 697 653 έπιτατικοῦ.
735 594 862 672 βούπαις
884 592 941 675 γὰρ
959 592 1009 655 καὶ
1028 595 1170 675 βουγάϊος

155 688 170 750 δ
190 688 291 771 μέγας’
311 687 503 772 καλὍμηρος
523 682 556 772 (ο
572 683 641 770 79)·
664 687 733 752 ’νῦν
751 689 805 770 μέν
824 691 861 770 δὴ
880 689 1025 773 βουγάϊε.’
1195 713 1205 753 ι

220 790 240 848 l.
264 787 300 849 έκ
318 788 428 861 ποδὸς
446 786 545 850 άνυιε
569 787 634 866 ἤτοι
652 787 760 869 ταχέως
778 787 798 869 ἢ
818 789 872 862 ἔξω
890 799 943 870 τῆς
961 788 1169 870 πεπατημένης

154 883 235 947 ὁδοῦ.
273 888 304 947 οἱ
324 885 356 948 δέ
379 905 472 966 φασιν
494 885 585 948 έκεῖσε
608 884 765 963 ἐφεστάναι
788 885 964 969 ἀνδριάντα,
987 885 1036 948 καλ
1060 887 1093 950 έκ
1115 898 1168 951 τοῦ

153 983 245 1057 ποδὸς
259 983 409 1064 έκχεῖσθαι
425 983 479 1062 την
493 985 602 1065 πηγήν.
630 982 651 1064 ἢ
670 986 839 1058 σπουδαίως
857 985 1009 1067 κατήρτισε
1027 985 1083 1065 την
1097 986 1169 1069 κρή-

153 1105 221 1161 νην,
241 1083 288 1145 διδ
307 1081 356 1143 καὶ
375 1081 446 1161 ἔφη·
468 1075 505 1143 εὖ
524 1076 552 1164 γ’
573 1082 842 1165 ἕνερεισάμευος
862 1083 970 1167 πέτρμ
993 1083 1094 1165 γόνυ·
1118 1084 1168 1146 καλ

153 1177 237 1259 ἡμεῖς
255 1204 354 1260 φαμεν
368 1178 400 1240 έκ
418 1179 511 1253 ποδὸς
530 1175 594 1242 οἷον
613 1177 735 1253 εὐθέως.
761 1180 845 1261 εἰμὴ
865 1190 1069 1263 μεταφορικῶς
1088 1181 1168 1258 ἔταξε
1181 1205 1204 1244 ιο

153 1277 185 1339 τδ
204 1278 240 1340 έκ
260 1279 385 1358 ποδός,
409 1273 474 1340 οἷον
493 1277 522 1352 ἐξ
541 1277 673 1358 ἐδάφους
691 1277 741 1340 καὶ
760 1289 812 1357 τῆς
830 1279 948 1361 πρώτης
966 1278 1166 1354 ὑποστάσεως·

153 1375 203 1462 καὶ
220 1371 418 1460 γὰρ’Όμηρος
437 1371 476 1460 (Β
492 1371 570 1460 824)
590 1376 625 1437 τὰ
643 1377 793 1438 κατώτατα
812 1376 885 1457 μέρη
903 1387 962 1438 τῶν
981 1374 1060 1460 ὀρῶν
1078 1375 1169 1440 ’πόδα

152 1472 279 1536 νείατον’
300 1475 383 1553 φησί.
410 1474 442 1536 τὸ
463 1472 493 1536 δέ
512 1466 549 1536 εὖ
572 1468 599 1556 γ’
620 1474 891 1556 ένερεισάμενος
909 1471 1038 1560 <πέτρμ
1058 1475 1168 1557 γόνυ)

153 1571 372 1653 συνεκδοχικόυ·
391 1571 480 1632 παντὶ
495 1579 535 1658 τῷ
552 1573 663 1651 σάματι
682 1582 716 1657 τῇ
735 1571 825 1657 πέτρᾳ
844 1571 1074 1656 ἐπερειδόμενος,
1094 1573 1168 1635 ὅθεν

152 1665 171 1748 ἡ
190 1670 270 1752 πηγὴ
290 1675 387 1750 χεῖται,
1182 1695 1205 1735 ιε

46 1774 142 1818 mn
218 1789 257 1827 m.
278 1766 315 1829 ἐκ
334 1767 444 1839 ποδὸς
465 1765 564 1828 άνυεε
587 1765 607 1847 ἢ
627 1766 659 1830 ἐκ
677 1769 795 1848 βάθους
813 1766 832 1848 δ’]
851 1762 907 1846 ἀφ’
923 1767 1057 1847 ὑψηλοῦ·
1077 1768 1168 1842 πόδες

151 1864 206 1944 γὰρ
225 1864 260 1926 τά
278 1866 473 1944 πλησιάζοντα
491 1874 527 1949 τῇ
546 1873 584 1950 γῇ
604 1875 663 1926 τῶν
681 1864 769 1948 ὀρῶν.

222 2019 331 2074 1Εοελ.
346 2025 410 2086 309,
426 2026 454 2073 2:
478 2021 527 2074 καλ
549 2020 627 2088 παρδι
649 2025 686 2092 τῷ
713 2019 853 2091 Θεοκρλτςο
876 2017 907 2074 δέ
927 2021 1063 2089 Βοάρινα·
1090 2039 1112 2075 π
1148 2020 1166 2090 ἡ

151 2089 182 2146 δέ
208 2090 278 2161 αὕτη
303 2090 459 2161 καλουμένη
485 2089 556 2146 οὕτω
583 2091 632 2146 διὰ
654 2089 686 2147 τδ
709 2091 852 2159 προτομήν
874 2111 939 2147 τινα
962 2087 1036 2147 εἶναι
1060 2092 1114 2147 αότ
1156 2113 1166 2146 ι

151 2161 277 2217 ἐοικυῖαν
296 2159 352 2232 ρἰνλ
371 2160 444 2234 βοός.
521 2163 611 2217 asch.
627 2163 708 2216 ΛΒΤ
727 2167 759 2217 Ν
770 2167 823 2216 824
880 2163 936 2217 sch.
953 2179 968 2217 σ
983 2169 1016 2218 79
1071 2163 1165 2234 Apoll.

150 2233 214 2288 Lex.
228 2233 309 2288 Hom.
325 2240 372 2300 52,
388 2240 419 2287 11
434 2233 545 2288 Bekker
613 2235 670 2289 sch.
685 2235 709 2287 A
731 2233 778 2290 oll.
793 2233 882 2289 Rhod.
897 2235 910 2287 I
925 2240 977 2289 760
1046 2236 1103 2290 sch.
1118 2236 1165 2289 Ar.

152 2304 223 2358 Plut.
238 2309 289 2358 873
363 2304 441 2358 Suid.
459 2307 588 2381 βουλιμιᾷ
661 2306 704 2359 Et.
751 2311 838 2373 .209,
853 2311 895 2359 21.
910 2311 958 2372 4ος
982 2311 1097 2372 474,46
1119 2306 1164 2430 Ἑλ

151 2376 229 2445 Gen.)
282 2375 326 2428 Et.
341 2375 488 2439 Gud.447,
505 2383 518 2429 7
535 2375 615 2430 Stura
669 2377 746 2430 Euat.
762 2383 867 2444 962‚15
922 2377 1019 2446 Pomp.
1034 2377 1108 2432 Fest.
1151 2393 1166 2432 ο

150 2447 224 2501 verb.
240 2447 334 2517 signif.
350 2452 392 2512 29,
408 2452 440 2500 17
456 2447 580 2515 Lindsay
652 2459 680 2501 12
699 2448 756 2502 seh.
771 2449 793 2500 B
808 2454 829 2502 Β
845 2454 897 2501 824

220 2601 235 2642 ε
253 2609 274 2643 τι
293 2589 327 2658 γὴ
342 2605 394 2644 om.
410 2596 433 2641 K
487 2586 752 2659 ηις-παραπλήσιον
766 2597 828 2646 KG:
847 2588 865 2659 ἣ
883 2594 921 2663 τῷ
939 2587 992 2660 ἀφ’
1008 2590 1102 2661 όψους
1115 2592 1165 2646 κοιλ

149 2662 257 2785 τηλεΙβ.
276 2683 300 2730 ρ.
318 2660 512 2729 παραπλήσιος
530 2664 595 2716 cett.
688 2673 703 2715 8
722 2663 779 2718 ἔστι
797 2661 829 2717 δέ
847 2668 908 2715 KG:
932 2659 951 2731 ἢ
970 2661 1026 2716 ἐστι
1045 2665 1125 2718 τελέα
1146 2661 1164 2730 ἥ

150 2736 206 2788 ἐστι
244 2733 361 2788 uebner:
378 2731 537 2806 <γράφετοιι
550 2735 599 2788 καλ
615 2733 802 2805 Βοάρειαν)
818 2731 835 2801 ἢ
851 2732 892 2788 δτι
908 2732 1016 2787 Ahrens
1081 2745 1095 2787 4
1113 2744 1163 2790 τοῦ

150 2807 345 2860 -έπιτατικοῦ
363 2805 450 2859 tacite
467 2805 588 2860 Ahrens:
606 2801 838 2860 τδ-έπιτατικόυ
856 2804 937 2859 σοδδ.
1010 2815 1025 2858 5
1044 2803 1060 2860 δ
1078 2804 1164 2876 μέγας

150 2893 201 2929 om.
217 2884 241 2928 K
294 2884 347 2931 νῦν
366 2877 416 2946 μέν
435 2875 519 2945 δὴΚι
539 2885 592 2931 νῦν
610 2876 660 2944 μὲν
677 2883 709 2929 fl:
730 2876 766 2945 δὴ
784 2884 836 2930 νῦν
856 2877 934 2929 τελέει
955 2884 1007 2930 νῦν
1026 2873 1078 2946 μέν
1096 2874 1159 2946 μήτ’

149 2947 206 3017 εέης
224 2948 306 3002 Hom:
382 2947 466 3016 θτὴν
484 2947 577 3016 πηγήν
596 2953 658 3000 KG:
677 2947 708 3001 τὸ
727 2945 803 3015 ὕδωρ
823 2948 888 3000 cett.
943 2943 1033 3015 ἢ(δτι
1051 2947 1116 3001 add.
1132 2951 1162 3016 G)

149 3036 192 3072 σπ.
224 3038 283 3073 κατ.
314 3037 337 3072 τ.
356 3021 406 3085 πρ.
435 3019 464 3072 in
490 3018 570 3071 libris
595 3017 728 3088 leguntur
752 3020 817 3087 post
843 3018 887 3073 διδ
913 3019 962 3071 κοιλ
988 3018 1056 3088 ἔφη·
1087 3015 1161 3074 εό-

149 3088 233 3159 γόυο,
258 3089 419 3158 transposui
525 3099 540 3141 ο
566 3089 625 3143 ἐπεὶ
651 3090 700 3143 καὶ
725 3089 803 3160 ἡμεῖς
829 3107 923 3158 φαμεν
950 3087 992 3144 ότι
1017 3091 1049 3144 ἐκ
1074 3088 1163 3154 ποδδς

149 3161 321 3230 κατέδραμεν
339 3159 428 3230 ἤγουν
445 3158 550 3229 ταχέως
568 3165 589 3212 G
687 3171 715 3213 12
733 3160 810 3215 πόδα
828 3159 940 3215 νείατον
960 3161 1020 3215 sine
1040 3178 1109 3230 φησι
1125 3169 1160 3214 K:

148 3231 260 3287 υελατόν
292 3247 360 3300 φησι
389 3227 466 3284 πόδα
494 3233 558 3284 cett.
666 3242 694 3284 18
721 3251 750 3285 π.
778 3231 848 3302 γόνυ
876 3231 966 3301 suppl.
991 3231 1100 3287 Ahrens
1128 3249 1161 3286 ex

148 3306 242 3357 mento
265 3301 355 3356 Goelii
444 3312 472 3354 14
490 3309 549 3356 πᾶν
571 3301 602 3356 τὸ
627 3311 704 3373 σῶμα
722 3310 746 3355 K
769 3321 837 3358 corr.
928 3313 956 3356 15
974 3303 992 3372 ἡ
1011 3303 1088 3374 πηγὴ
1107 3320 1159 3358 om.

148 3377 246 3425 Lm
334 3383 363 3426 1ο
381 3373 466 3426 verba
483 3370 535 3441 ἀφ’
562 3372 672 3444 ὑψηλοῦ
696 3375 846 3432 cuminde
870 3389 887 3427 a
909 3373 1006 3428 Geelio
1029 3377 1160 3444 corrupta

147 3447 292 3513 putarent,
316 3443 346 3498 ἐκ
370 3443 480 3516 βάθους
502 3445 550 3499 καλ
572 3445 608 3515 μὴ
628 3443 682 3514 ἀφ’
703 3448 813 3516 ὑψηλοῦ
832 3445 977 3512 Duebner,
1001 3447 1032 3501 ἐκ
1051 3445 1161 3518 βάθους

148 3515 184 3578 ὡς
207 3512 260 3585 ἀφ’
285 3517 407 3586 όδρηλοῦ
430 3516 539 3571 Ahrens
561 3523 774 3586 proposuerunt.
803 3516 910 3573 tradita
932 3516 975 3570 ita
997 3515 1159 3585 intellegas:
