2438 3870
125 113 190 177 100
440 116 554 172 sobolis
573 116 623 170 vn
638 115 822 188 testeo-eo*

120 279 336 362 παραρρέοντος
351 277 506 345 Ἀλουσίου
524 292 667 362 ποταμοῦ.
691 281 836 369 ἐντούτῳ
855 282 968 362 ποιμὴν
976 282 1139 373 ἐπιχώριος

120 378 265 440 δεσπότου
280 378 435 461 θρέμματα
450 381 567 460 βόσκων
580 381 671 442 ἔθυεν
684 378 826 460 ἕπίσνχνα
840 387 904 454 ταῖς
916 381 1068 454 Μούσαις.
1101 374 1138 443 οὗ

119 477 204 558 χάριν
227 477 408 558 δυσχεράνας
431 477 447 540 6
470 479 613 557 δεσπότης
635 478 677 551 είς
700 478 831 560 λάρνακα
854 478 1043 551 κατακλείσας
1065 476 1138 540 άπί-

120 579 191 634 θετο
209 574 309 636 αὐτόν.
347 575 380 636 ἕν
398 577 491 660 τούτῳ
515 575 661 650 ἕδίσταξεν
679 573 696 637 6
718 576 863 655 δεσπότης
881 571 1139 657 [βουλευόμενος],

119 671 147 731 εί
164 671 289 733 σώσειαν
307 672 399 737 αόιδν
418 676 452 734 oi
467 675 546 735 θεαί.
583 673 746 753 ἐξηκούσης
769 672 801 735 δὲ
824 674 954 753 διμήνου
968 674 1137 754 παραγενό-
1168 696 1180 736 ⁵

119 791 207 845 μενος
225 769 275 831 καλ
294 769 330 831 τδι
348 772 493 852 ζόγαστρα
516 781 569 851 τῆς
591 771 736 851 λάρνακος
755 772 907 845 διανοίξας
929 773 1023 843 ζῶντα
1040 773 1138 832 κατεί-

118 870 193 946 ληφε
211 867 262 928 καὶ
279 867 333 947 τὴν
352 870 483 947 λάρνακα
503 871 616 950 κηρίων
628 867 863 949 πεπληρωμένην
877 861 970 950 εόρεν.
997 866 1137 931 όίνακτα

118 963 152 1026 δέ
169 983 245 1045 φησι
262 965 314 1027 τὸν
331 967 488 1045 δεσπότην.
550 979 551 983 ’

52 1076 110 1123 ΕΠ
186 1092 210 1133 ο.
234 1066 323 1156 ᾇσεῖ
343 1067 371 1133 δ’
392 1073 439 1147 ὥς
463 1069 547 1135 ποκ’
568 1072 714 1134 ἔδεκτοι
741 1072 786 1146 τλς
808 1073 931 1146 αἰπόλος
952 1073 1136 1152 καλούμενος

117 1171 258 1249 Κομάτας
270 1205 315 1214 -
330 1170 438 1232 ταύτὸν
457 1169 489 1232 δέ
506 1169 585 1230 ἐστιν
603 1171 696 1231 εἰπεῖν
714 1171 877 1243 Μενάλκας
891 1204 935 1213 -
951 1180 1004 1232 τοῦ
1022 1171 1136 1233 οίκείον
1151 1194 1180 1233 1o

119 1266 262 1329 δεσπότου
281 1266 437 1350 θρέμματα
454 1267 572 1348 βόσκων
591 1268 622 1328 ἐν
641 1269 762 1352 Σικελίᾳ
785 1267 817 1328 ἕν
839 1275 878 1354 τῷ
901 1266 961 1349 όρει
981 1277 1033 1347 τῆς
1054 1271 1136 1330 Θου-

117 1367 182 1446 ρίας
214 1365 286 1427 ἔθυε
316 1367 456 1446 συχνάκις
488 1372 551 1438 ταῖς
575 1366 725 1438 Μούσαις.
763 1364 779 1427 6
805 1363 836 1426 δὲ
864 1365 1008 1445 δεσπότης
1040 1365 1135 1428 αὐτοῦ

118 1463 298 1544 δυσχεράνας
319 1461 501 1524 κατέκλεισεν
519 1463 611 1525 αὐτὸν
630 1463 672 1536 εἰς
694 1464 825 1542 λάρνακα
845 1464 969 1542 ξυλίνην
987 1463 1136 1544 πειράζων

117 1562 144 1623 εί
165 1562 308 1634 σώζουσιν
332 1556 424 1621 αὐτόν
447 1562 482 1621 αί
497 1564 631 1621 Μοῦσαι.
670 1561 724 1622 δύο
744 1559 775 1622 δὲ
798 1570 902 1640 μηνῶν
920 1559 1135 1641 παρελθόντων

115 1658 353 1740 παραγενόμενος
373 1657 424 1718 καὶ
442 1657 563 1730 ἀνοίξας
582 1660 676 1730 ζῶντα
694 1656 747 1736 μὲν
766 1654 858 1719 αὐτὸν
876 1651 958 1739 εὗρε,
981 1658 1079 1740 πλήρη
1099 1657 1133 1721 δὲ
1149 1677 1176 1718 ιι

115 1754 171 1834 τὴν
188 1756 321 1836 λάρνακα
338 1756 460 1834 κηρίων.

9 1884 126 1930 now
188 1876 238 1934 80.
271 1872 312 1931 αί
340 1868 451 1948 σιμαὶ
482 1869 715 1949 λειμωνόθετ
743 1871 819 1932 οὕτω
848 1876 948 1933 καλεῖν
978 1869 1050 1944 ἔθος
1079 1871 1134 1946 τὰς

115 1970 260 2048 μελίσσας.
288 1969 321 2031 τὸ
339 1977 414 2050 γοῦν
433 1968 508 2048 πρὸς
527 1967 681 2048 ὑποδοχὴν
698 1978 751 2048 τῆς
770 1967 905 2049 ἐργασίας
924 1969 1022 2031 αὐτῶν
1039 1966 1132 2050 ἄγγος

115 2069 238 2148 σίμβλον
260 2071 423 2149 καλοῦμεν,
446 2066 522 2128 όπου
544 2066 597 2128 τὸν
620 2066 752 2145 κάματον
776 2076 834 2128 τῶν
857 2076 952 2146 σιμῶν
975 2066 1132 2148 βάλλομεν,

114 2165 274 2245 σιμοβόλον
291 2164 358 2226 τινὰ
378 2162 456 2225 όντα.
1146 2184 1173 2224 ιο

184 2343 213 2387 ιο
232 2350 290 2404 erg.
304 2335 350 2386 Id
402 2345 448 2386 οι
469 2335 542 2389 Serv.
554 2334 791 2406 Verg.Buo.X't:
812 2335 912 2389 simae:
932 2351 1065 2406 graecum
1085 2339 1131 2391 σοι

113 2422 228 2472 nomon,
250 2405 281 2458 id
304 2408 347 2459 est
368 2406 473 2474 pressis
496 2405 611 2458 naribus
630 2447 636 2459 .
652 2447 680 2459 ..
700 2408 776 2474 quod
795 2407 942 2474 epitheton
960 2406 1130 2464 Theocritus

114 2477 165 2530 det
181 2475 333 2545 praecipue
352 2475 461 2544 apibus.
515 2476 581 2530 Ieid.
596 2477 688 2544 Etym.
703 2477 754 2530 XII
768 2483 793 2543 2,
808 2483 843 2531 30
942 2489 971 2531 18
990 2478 1047 2532 soh.
1062 2479 1129 2533 Hes.

113 2547 218 2617 Theog.
232 2551 286 2600 594
353 2546 410 2599 soh.
425 2546 518 2614 A'poll.
532 2547 622 2601 Rhod.
637 2547 650 2601 Ι
665 2553 729 2613 88ος
749 2548 774 2601 H
789 2554 839 2601 133
909 2548 1030 2617 Heeyoh.
1044 2549 1128 2604 Phot.

114 2618 191 2672 Suid.
205 2616 314 2689 σίμβλον
368 2617 432 2670 Lex.
447 2617 561 2671 Baehm.
574 2624 635 2684 364,
646 2624 678 2671 11
734 2619 778 2672 Et.
790 2619 827 2674 M.
839 2624 899 2688 713,
911 2625 944 2674 23
955 2620 1000 2690 (ol.
1012 2620 1091 2689 Gen.)

113 2689 157 2744 Et.
172 2688 243 2743 (διεδ.
258 2693 319 2756 500,
334 2693 369 2741 43
384 2687 464 2741 Sturz

182 2860 197 2902 2
214 2866 266 2919 pro
284 2849 415 2911 Μούσαις
427 2866 506 2918 prop.
522 2848 640 2904 Mueller
657 2849 799 2916 Λουσίαιῗς,
819 2850 961 2905 Schwartz
975 2849 1129 2917 Ἀλουσίαις

112 2920 195 2974 obliti
218 2938 281 2974 oum
300 2920 337 2974 ab
355 2919 417 2989 ipso
435 2923 521 2989 poeto
540 2923 573 2990 (v.
589 2927 631 2974 82.
644 2923 692 2988 92)
708 2923 770 2974 tum
789 2921 824 2975 ab
843 2922 1046 2992 interpretibus
1064 2923 1128 2978 Mu·

112 3007 157 3045 ταε
180 2993 209 3046 et
226 2991 373 3060 Nymphas
396 2991 549 3060 permutari
638 3003 652 3044 4
671 2989 871 3063 βουλευόμενος
888 2993 1029 3063 glossema
1046 2994 1128 3050 verbi

111 3059 254 3128 όδίοταξον
271 3078 355 3116 sensu
373 3062 552 3117 insolentiore
572 3061 695 3116 adhibiti
714 3080 773 3118 esse
792 3063 864 3117 vidit
878 3063 953 3119 Geel.
987 3064 1019 3120 ἐν
1035 3065 1128 3140 τούτῳ

111 3131 254 3197 διδάξαιτό
269 3135 346 3188 δεσπ.
361 3133 530 3203 βουλόμενος
542 3133 592 3201 (οἱα
606 3136 665 3203 ol)
678 3151 758 3203 prop.
773 3134 923 3204 Kieooling‚
939 3153 1003 3190 eum
1016 3136 1127 3193 threna

110 3203 196 3258 verbe
213 3205 355 3276 ίν-βουλ.
375 3203 464 3258 deleri
482 3204 592 3258 iuberet
681 3215 695 3257 ο
714 3206 865 3276 ἐξηκούσης
882 3207 914 3262 δὲ
934 3207 1054 3278 διμήνου
1067 3207 1128 3277 ι(δί-

110 3295 186 3344 μηνα
199 3275 269 3342 οοδ.,
288 3290 357 3329 corr.
372 3275 491 3345 Ziogler)
506 3283 541 3328 1:
560 3274 795 3344 παραδραμόντος
810 3274 841 3331 δὲ
856 3275 1009 3347 διμηναίον
1022 3276 1127 3348 (·ιαίου

111 3349 140 3416 Τ)
162 3346 266 3418 χρόνον
284 3349 348 3400 cett.
420 3357 447 3399 11
465 3344 497 3401 νί
540 3353 594 3402 vr
665 3357 693 3400 14
712 3349 868 3402 σώσειανλ·
921 3346 1128 3418 παρελθόντων

111 3423 144 3472 G:
163 3415 305 3473 ἐλθόντων
323 3423 379 3470 P'l:
405 3419 487 3472 διελθ
504 3436 579 3473 ντων
596 3416 699 3472 Reiske
801 3429 829 3471 1⁹
848 3418 984 3490 βάλλομεν
1002 3427 1038 3474 Kx
1057 3420 1126 3492 βάλ-

110 3491 187 3544 λουσι
205 3491 271 3543 oett.
344 3499 374 3542 13
391 3488 455 3570 τινὰ
475 3488 543 3544 όντα
561 3496 597 3542 K:
616 3508 644 3544 τι
662 3488 695 3544 όν
713 3491 776 3544 oett
881 3546 883 3551 ,
