2438 3870
145 144 189 209 48
502 142 614 198 Scholia
632 143 817 197 149b-blb

213 307 269 393 [ὸ]
292 311 517 392 τρώξιμονι
540 310 621 392 παρὸ
643 310 676 372 τὸ
694 320 752 393 τρῶ
770 311 802 373 τὸ
822 317 971 391 σημαῖνον
991 310 1024 374 τὸ
1043 310 1163 392 βλάκτω

145 410 324 491 παραγωγὸν
340 409 450 492 τράγω.
478 411 614 488 σημαίνει
632 407 664 470 δὲ
682 409 715 471 τὸ
733 410 963 491 κατεργάζεσθαι
981 408 1032 470 καλ
1052 409 1096 490 μὴ
1114 409 1167 472 ἐᾶν

146 509 232 569 άτινα
244 508 348 590 τράγει
365 530 409 582 τις
426 506 504 588 ὑγιᾶ.
535 501 590 586 ἀφ’
607 501 643 568 οὗ
657 505 708 568 καλ
721 517 838 589 τρῶγες,
856 506 891 568 τά
904 506 938 570 ἐν
952 513 1016 582 τοῖς
1029 505 1165 592 ὀσπρίοις

145 606 254 688 θηρία,
277 604 326 679 καλ
344 615 480 686 τρῶκται
504 605 584 687 παρὰ
602 605 634 666 τὸ
653 606 755 687 τράγω
772 606 872 682 τράξο)
889 607 1002 687 γίνεται
1020 606 1166 688 τρώξιμος

145 702 195 764 καλ
213 704 350 785 τρώκτης.
1188 723 1197 763 ι

111 811 138 863 Ε8
215 806 267 892 [e]
290 807 521 892 <τρώξιμονε>
538 809 599 888 τὴν
612 810 724 891 ὥριμον
743 811 906 890 σταφυλήν,

108 917 138 971 [⁸
214 913 269 998 [d.]
292 913 523 998 <τράξιμοντ>
541 917 688 998 πέπειρον.

40 1050 139 1096 ΚΕΕΑΤ
217 1045 291 1104 5οε.
314 1043 436 1104 πάντα
458 1043 572 1106 ὸόλον
592 1043 787 1122 τεάχοισαε
810 1042 952 1124 γράφεται
971 1042 1168 1126 κεάθοισα,

147 1138 212 1200 άντλ
231 1149 284 1201 τοῦ
302 1142 486 1221 κρύπτουσα·
505 1150 678 1221 πανοῦργον
696 1140 752 1222 γὰρ
770 1140 803 1202 τὸ
822 1143 906 1225 ζῷον.

61 1255 139 1300 ΗΕΑ
214 1247 243 1308 b.
266 1247 302 1308 τὸ
325 1248 485 1308 παίὸιοντ
509 1248 586 1308 οὕτω
609 1248 781 1327 Θεαίτητος,
805 1243 845 1320 ὥς
866 1247 898 1309 τὸ
916 1248 1068 1328 παίγνιον,
1093 1245 1200 1328 φέρτε

147 1361 226 1405 νιον·
246 1344 366 1405 Ἀττικοὶ
385 1342 416 1405 δὲ
436 1341 541 1426 [οὕτω]
559 1345 767 1425 παραπλήσιον
784 1351 824 1431 τῷ
840 1346 968 1406 κλειὸίον
987 1342 1136 1424 λέγουσιν.

41 1477 187 1543 tumn
216 1471 292 1530 5112.
320 1469 437 1550 πρινη
465 1469 713 1551 ἀκράτιστονι
741 1469 832 1551 πρινὴ
860 1467 1042 1551 άκρατισμοῦ
1071 1470 1167 1551 ξηρὸν

134 1554 263 1645 ποιήσει
281 1566 364 1629 αὐτό·
384 1566 565 1648 ἀκρατισμὸν
584 1565 616 1628 ὸί
634 1585 710 1645 φησι
728 1566 779 1627 τὸν
798 1565 856 1627 άπὸ
875 1567 1015 1648 βρώσεων
1032 1567 1136 1648 κόρον.

46 1673 142 1727 ΕΑΡ““Τ
213 1674 240 1732 b.
263 1671 487 1755 άκράτιστοντ
506 1675 538 1735 οἱ
553 1673 705 1753 μέλλοντες
722 1677 859 1752 πολεμεῖν
876 1675 991 1754 πρωίας
1009 1671 1051 1733 ἔτι
1070 1671 1168 1752 οάσης

147 1767 247 1851 ὀλίγον
265 1770 331 1832 τινὰ
349 1769 460 1850 ἤσθιον
479 1760 568 1853 άρτον
586 1770 636 1833 καὶ
654 1769 782 1851 άκρατον
801 1765 885 1832 οίνον
903 1769 1017 1850 ἔπινον,
1036 1767 1078 1843 ὥς
1092 1777 1167 1852 θερ-
1181 1796 1202 1838 τε

148 1867 197 1946 μολ
212 1861 265 1929 ὦσι
280 1867 385 1948 καὶμὴ
400 1869 556 1949 δειλιῶσιν,
575 1866 591 1930 ὸ
610 1867 660 1930 καλ
674 1867 853 1951 ἀκρατισμὸν
867 1867 1000 1930 ἐκάλουν.
1029 1866 1168 1933 ἐνταῦθα

148 1963 179 2026 ὸὲ
197 1965 411 2048 άκράτιστον
430 1965 495 2026 ἀντὶ
513 1975 566 2027 τοῦ
586 1965 736 2048 άγευστον.
1034 1980 1037 1987 ’

216 2157 230 2198 1
248 2146 292 2201 Et.
303 2147 372 2202 Gen.
381 2147 435 2217 (Et.
445 2147 482 2202 M.
494 2152 554 2214 770,
564 2150 619 2215 40):
639 2148 746 2215 τρώγω·
766 2145 843 2214 παρὰ
861 2146 893 2200 τὸ
907 2155 962 2214 τρῶ
976 2145 1007 2200 τὸ
1022 2155 1166 2216 σημαῖνον

147 2215 172 2286 (ὸ
196 2217 324 2286 σημαίνει
346 2220 378 2288 Β)
401 2219 433 2272 τὸ
457 2218 569 2289 βλάπτω
592 2214 763 2288 παραγωγὸν
786 2218 890 2288 τράγοι.
924 2214 1054 2288 σημαίνει
1078 2218 1111 2273 δὲ
1133 2219 1166 2274 τὸ

146 2288 365 2358 κατεργάζεσθαι
389 2290 439 2343 καλ
464 2289 500 2358 μὴ
525 2290 576 2345 ἐᾶν
602 2289 686 2344 ἅτινα
708 2290 807 2358 τράγοι
829 2309 871 2352 τις
888 2288 963 2359 ὸγιά.
1036 2287 1100 2348 Εὸ.
1118 2288 1166 2345 Or.

148 2365 208 2424 152,
219 2364 251 2412 13
324 2370 338 2412 8
357 2359 401 2414 Et.
412 2359 449 2413 M.
462 2365 521 2427 770,
532 2366 578 2414 4³:
593 2369 706 2430 τρῶγες·
721 2358 812 2428 θηρία
824 2359 860 2414 τά
874 2361 978 2422 ἐντοῖς
992 2357 1130 2426 ὀσπρίοις.
1148 2418 1151 2422 ,

146 2442 160 2482 4
179 2430 223 2485 Et.
232 2430 311 2485 Gom:
321 2439 454 2498 τρῶκται·
465 2428 553 2492 οὕτως
561 2433 627 2493 τοὸς
638 2429 772 2495 Φοίνικάς
782 2447 868 2500 φησιν
875 2428 997 2501 Ὅμηρος
1009 2430 1032 2497 (ξ
1043 2434 1166 2502 288εη.).

146 2500 224 2569 παρά
242 2502 275 2556 τὸ
293 2504 388 2572 τράγω
402 2503 495 2569 τράξω
509 2503 639 2570 τρώκτης,
660 2500 674 2556 ὸ
690 2503 736 2557 ἐπὶ
750 2502 838 2575 βλάβη
853 2503 926 2557 τισλν
941 2499 1166 2573 ἐγκαταμίσγειν.

147 2571 235 2634 οὕτως
255 2571 408 2637 Φιλόξενος.
477 2572 520 2626 Et.
536 2573 572 2626 M.
589 2579 603 2626 λ
608 2579 654 2639 70,
669 2578 703 2625 50
771 2574 815 2627 Et.
832 2573 903 2627 Gud.
919 2578 981 2640 533,
996 2576 1029 2626 47
1046 2572 1130 2628 Βὸῐιεκ

147 2644 190 2698 Et.
206 2643 252 2698 Or.
268 2649 332 2710 152,
348 2650 381 2698 18
466 2654 495 2696 1ο
513 2644 547 2698 cf.
563 2644 715 2700 Herodian.
729 2646 741 2698 Ι
756 2650 852 2712 366,5
872 2645 958 2698 Ιιοολτ
976 2660 1042 2698 cum
1061 2645 1128 2700 adm

147 2725 174 2768 18
188 2714 268 2770 Phot.
280 2714 356 2770 Suid.
367 2714 522 2784 ἀκράτισμα
558 2715 623 2770 Lex.
633 2716 748 2770 Bachm.
759 2723 802 2783 55,
813 2721 846 2771 28
918 2725 947 2769 14
960 2714 1034 2770 Plut.
1048 2712 1164 2782 Quam.

147 2803 224 2841 conv.
233 2785 298 2840 VIII
314 2787 414 2841 726οά
468 2787 569 2853 Athon.
584 2789 596 2840 I
611 2793 669 2840 11ο
718 2787 806 2842 Bekk.
821 2787 874 2842 Aa
889 2803 930 2856 gr.
941 2791 984 2855 23,
996 2790 1029 2841 15
1080 2785 1164 2844 Phot.

147 2856 355 2926 άκρατίσασθαι
409 2859 474 2912 Lex.
489 2858 602 2912 Baohm.
618 2865 665 2923 61,
681 2864 714 2910 29

217 3027 315 3081 κάντὶ
337 3036 386 3082 τοῦ
405 3049 447 3095 κρ.
471 3029 536 3096 post
559 3030 628 3099 ζῷον
647 3027 678 3080 in
696 3033 772 3079 (m
886 3035 915 3079 ιο
936 3023 1090 3096 Θεαίτητος
1109 3045 1164 3084 om.

148 3104 231 3167 (m,
250 3115 337 3166 quare
356 3099 406 3169 οὐχ
424 3103 488 3152 ante
507 3099 544 3161 ὡς
561 3099 742 3152 inserendum
756 3114 816 3152 esse
832 3097 964 3151 Duebner
978 3102 1130 3154 censuerat

148 3169 277 3239 φίρνιον,
301 3171 377 3238 quod
399 3170 429 3223 in
448 3171 528 3224 codd.
547 3172 612 3238 post
629 3168 753 3224 κλειὸίον
771 3169 888 3239 legitur,
914 3169 970 3223 huo
988 3171 1165 3239 transposuit

147 3241 255 3295 Ahrens
357 3251 382 3293 11
398 3237 513 3295 Ἀττικολ
530 3247 629 3307 Apogr.
643 3245 735 3296 Barba
750 3237 835 3296 Ἀττικ
854 3239 958 3310 legitur
976 3239 1007 3294 in
1024 3237 1165 3297 1:an-

146 3321 202 3374 κῶς
216 3315 280 3366 τελλ.
318 3309 389 3366 οὕτω
403 3312 559 3382 proscripto
573 3317 611 3385 τῷ
622 3316 662 3367 κλ.
674 3312 785 3382 scripsi:
800 3312 832 3366 τὸ
843 3314 883 3365 κλ.
895 3311 976 3366 codd.
1049 3322 1078 3365 ιε
1093 3313 1164 3370 αὐτὸ

147 3383 228 3438 Cau:
247 3381 335 3438 αὐτόν
354 3383 434 3438 codd.
506 3381 678 3453 ἀκρατισμὸν
697 3399 774 3452 seqq.
794 3401 847 3437 om.
864 3382 976 3435 (ΞΕΜΔ
1048 3383 1165 3452 άκράτν

147 3462 250 3510 στονΡ
309 3464 361 3510 νῦν
384 3456 421 3519 ὡς
443 3450 522 3524 οίμαι
543 3457 609 3524 post
632 3453 665 3509 δέ
685 3453 749 3510 add.
767 3461 811 3507 Η
870 3455 1000 3526 βρώσεων
1019 3451 1108 3522 κόρον
1127 3462 1164 3510 K:

147 3535 202 3582 τῶν
221 3525 373 3598 βρωμάτων
392 3524 477 3594 κόρον
495 3545 524 3580 τε
542 3526 591 3580 καλ
610 3524 701 3594 μέθην
720 3532 764 3578 ΡΤ
1164 3574 1168 3579 .
