2446 3870
443 140 645 209 Prolegomenn
663 139 745 194 D-F
756 159 773 193 a
1095 140 1117 204 5

100 322 166 391 κοῦ,
185 307 255 372 ποτὲ
273 306 305 370 δὲ
324 305 357 368 έκ
376 308 567 386 δραματικοῦ,
586 304 655 368 ποτὲ
675 305 707 368 δέ
721 306 753 368 ἐκ
768 316 883 387 μικτοῦ,
902 304 997 388 ἤγουν
1011 307 1116 389 διηγη-

100 419 224 491 ματικοῦ
250 406 299 468 καί
325 407 517 487 δραματικοῦ,
543 403 589 467 ὁτὲ
614 403 646 467 δὲ
672 403 712 479 ὡς
737 404 775 466 ἀν
802 406 882 491 τάχγ.
920 405 961 478 είς
987 405 1059 466 ὅσον
1085 400 1113 467 δ’

100 502 166 570 οἶόν
184 505 213 567 τέ
227 504 295 583 ἐστι,
312 503 347 564 τὰ
362 513 421 565 τῶν
434 502 581 586 ἀγροίκων
595 500 661 583 ἤθη
676 502 847 582 έκμάσσεται
861 503 937 582 αὕτη
952 499 971 582 ἡ
986 504 1116 582 ποίησις,

99 613 229 687 τερπνῶς
252 603 332 664 πάνυ
355 602 424 675 τοὺς
447 610 482 686 τῇ
507 600 644 685 ἀγροικίᾳ
668 600 868 681 σκυθρωποὺς
886 600 960 662 κατὰ
978 600 1029 663 τὸν
1048 603 1116 681 βίον

73 703 361 784 εχαρακτιγρίζουσα·
386 698 546 780 ἐκπέφευγε
570 696 601 759 δὲ
625 697 657 759 τὸ
676 697 752 780 άγαν
770 697 863 780 ἁδρὸν
882 698 932 759 καὶ
951 697 1116 781 ὑπέρογκον

100 810 152 880 τῆς
170 799 323 877 ποιήσεως.
632 795 636 803 “

590 897 624 958 Ε.

166 1025 191 1064 a.
212 998 319 1065 Ἰστέον
345 1000 390 1078 δέ,
418 1001 461 1062 ὅτι
487 1001 669 1062 είδύλλιον
691 999 801 1082 λέγεται
824 1001 856 1062 τὸ
876 1000 981 1082 μικρὸν
1000 1003 1113 1081 ποίημα

98 1101 156 1163 ἀπὸ
184 1111 236 1163 τοῦ
264 1095 343 1173 είδος
370 1097 389 1178 ἡ
419 1100 545 1180 θεωρία,
574 1098 627 1179 οὐχ
654 1095 794 1178 ἡδάλλιον
822 1098 901 1180 παρά
929 1098 961 1160 τδ
989 1099 1052 1178 ἥδω
1079 1100 1112 1161 τὸ

98 1201 258 1279 εὐφραίνω.

59 1323 84 1362 ιο
166 1293 221 1377 [b.]
241 1297 386 1357 είδύλλιον
400 1293 520 1376 λέγεται,
537 1294 581 1356 ὅτι
594 1289 673 1369 εἶδός
686 1293 745 1355 ἔστι
759 1294 860 1376 λόγου·
880 1294 1112 1378 ὑποκοριστικῶς
1127 1288 1196 1349 Είλῐ

100 1393 131 1456 δὲ
150 1396 262 1473 εἴρηται
280 1394 434 1455 είδάλλιον.

166 1487 218 1572 [ο]
237 1491 367 1552 είδάλλια
384 1489 516 1572 λέγονται
534 1500 625 1552 ταῦτα
643 1488 701 1550 ἀπὸ
721 1499 773 1550 τοῦ
792 1491 861 1551 εἴδω
879 1490 911 1551 τὸ
931 1488 1036 1571 δμοιῶ·
1053 1491 1111 1553 έοι-

97 1589 178 1662 κότες
197 1589 252 1671 γάρ
270 1596 331 1663 τοῖς
349 1588 518 1670 προσώποις
537 1587 611 1650 εἰσὶν
631 1589 663 1649 οί
677 1588 766 1670 λόγοι.

167 1686 222 1766 [d.]
241 1696 304 1761 πῶς
327 1687 382 1767 οὐχ
404 1685 629 1769 ἀπογράφονται
651 1695 741 1747 ταῦτα
759 1685 794 1747 τά
812 1685 962 1766 ποιήματα
980 1687 1112 1769 διάλογοι

59 1811 82 1851 15
99 1817 141 1830 ·-
165 1785 325 1867 διαλέγεται
349 1784 404 1866 γὰρ
431 1784 463 1845 έν
488 1803 546 1846 τισι
570 1785 682 1846 τούτων
707 1783 850 1867 πρόσωπα
869 1818 912 1828 -
936 1782 976 1858 ὡς
1000 1783 1050 1847 καί
1075 1785 1111 1845 τὰ

97 1893 149 1944 τοῦ
175 1889 365 1958 Λουκιανοῦ;
391 1882 447 1944 οὐκ
473 1880 581 1960 ἤθελεν
607 1881 622 1943 δ
647 1882 773 1961 ποιητὴς
798 1888 898 1942 θεῖναι
920 1881 1038 1955 ἀλλοίας
1060 1881 1111 1944 καί

97 1979 215 2053 ἀλλοίας
229 1979 416 2062 ὑπογραφάς,
431 1979 502 2040 ἀλλά
518 1981 588 2059 μίαν
601 1978 787 2060 ἁρμόζουσαν
797 1989 869 2039 πᾶσι
878 1985 940 2052 τοῖς
947 1979 1111 2058 ποιήμασιν

96 2077 197 2140 αὐτοῦ.
231 2073 310 2151 είδος
328 2077 384 2158 γὰρ
404 2077 493 2158 λόγου
512 2076 571 2138 ἐστὶ
589 2075 639 2136 καί
655 2075 687 2136 τὸ
702 2076 916 2157 διηγηματικὸν
930 2075 980 2138 καί
993 2076 1025 2138 τὸ
1040 2078 1110 2159 δρα-

98 2176 220 2253 ματικὸν
238 2175 338 2237 καὶτὸ
358 2174 476 2254 μικτόν,
499 2173 549 2234 καί
568 2173 617 2234 διά
635 2183 720 2234 τοῦτο
740 2173 955 2256 ἀπεγράφησαν
973 2175 1110 2244 είδύλλια.

587 2363 619 2420 F.

58 2495 84 2533 εο
166 2488 191 2529 ω.
215 2468 329 2550 Δωρίδι
357 2466 389 2529 δὲ
416 2466 465 2528 καί
489 2461 561 2529 Ἰάδι
587 2466 756 2553 διαλέκτῳ
782 2467 917 2550 κέχρηται
945 2466 1209 2549 Θεόκριτος,κε”Ατ

97 2567 219 2645 μάλιστα
244 2564 275 2626 δὲ
301 2564 440 2650 ἀνειμένῃ
466 2564 515 2626 καί
540 2571 679 2651 χθαμυλῇ
705 2567 819 2647 Δωρίδι
844 2565 924 2648 παρὰ
949 2565 1005 2646 τὴν
1027 2561 1110 2627 Ἐπι-

96 2665 208 2744 γάρμου
222 2663 272 2724 καί
286 2665 465 2744 Σώφρονος·
481 2663 517 2724 οὐ
532 2664 592 2742 μὴν
607 2661 639 2724 δὲ
654 2663 886 2742 ἀπολιμπάνεται
899 2663 950 2725 καὶ
962 2665 1109 2738 Αἰολίδος.

168 2829 180 2870 1
198 2818 264 2872 ποτὲ
286 2818 317 2872 δὲ
336 2820 367 2872 έκ
387 2821 467 2887 δραμ.
485 2818 629 2887 G(E¹‘)1³n:
650 2820 699 2872 καί
717 2821 799 2886 δραμ.
815 2821 879 2872 cett.
930 2818 948 2886 ἥ
966 2839 1016 2874 ουν
1036 2821 1108 2890 διηγ.

96 2890 145 2943 κοιλ
168 2891 249 2958 δραμ.
275 2889 366 2959 (E”)T:
391 2889 439 2942 καλ
462 2891 543 2958 δραμ.
563 2895 626 2943 KG:
651 2907 704 2943 om.
725 2893 790 2943 cett.
899 2840 993 2959 θείδη
1014 2890 1075 2943 Μ

96 2959 167 3028 αὕτη
185 2960 203 3029 ἡ
222 2957 341 3030 ποίησις,
360 2976 432 3029 quae
451 2960 535 3014 verba
554 2961 583 3013 in
598 2961 717 3014 KPAT
735 2964 800 3030 post
817 2959 1057 3032 χαρακτηρίζουσα
1071 2960 1110 3016 ls-

96 3034 209 3100 gnntur‚
227 3031 388 3100 transposui
406 3030 480 3085 viam
499 3033 673 3086 monstrante
688 3031 835 3102 Callierge,
854 3033 903 3102 qui
922 3032 1110 3088 κοιλοτάτων

96 3102 157 3171 ἀγρ,
173 3119 206 3155 εκ
220 3101 418 3169 οοΙΙοουοεεωίς
433 3108 540 3156 οπεθΡ
554 3119 610 3156 una
629 3121 693 3156 cum
706 3103 814 3157 ultimis
829 3103 982 3174 ἐκπέφευγε
996 3120 1073 3173 seqq.

95 3185 109 3225 4
128 3173 201 3227 κατὰ
219 3174 269 3228 τὸν
287 3177 312 3244 β.
332 3174 444 3243 scripsi:
464 3175 512 3227 καλ
530 3172 580 3230 τδν
598 3177 623 3245 β.
643 3179 707 3230 n:
727 3192 780 3229 om.
797 3177 862 3231 cett.
970 3186 985 3228 σ
1004 3176 1035 3229 δὲ
1055 3192 1108 3229 om.

95 3245 155 3296 Eb'r
183 3245 268 3298 verbs
296 3243 365 3314 αὕτη
388 3245 406 3315 ἡ
432 3243 542 3313 ποίησις
567 3264 630 3300 cum
655 3246 691 3300 iis
717 3263 789 3315 quae
815 3249 970 3317 sequuntur
994 3247 1109 3300 coniun-

95 3318 193 3386 gentes
267 3315 472 3386 ίλέγεταιοω.
488 3323 511 3368 1
547 3317 749 3386 άπὸ-θεωρία
768 3324 886 3372 0111.Κο
956 3328 985 3370 14
1004 3316 1110 3386 ἀπορία

96 3389 125 3440 et
142 3387 218 3450 λύσις
236 3387 266 3440 in
284 3403 371 3457 marg.
380 3387 475 3446 ¹habet
491 3393 522 3455 Δ,
540 3387 571 3441 in
591 3391 723 3443 contextu
743 3389 889 3443 verborum
907 3395 927 3441 'l'
994 3389 1109 3458 ἐπιγρά-

96 3478 200 3526 φονται
218 3458 254 3511 ΕΒ
342 3469 370 3511 lt
391 3459 549 3528 ἐπιγραφάς
566 3459 628 3512 Eb’r
718 3471 744 3512 sl
763 3461 813 3515 καί
830 3463 962 3584 γθαμαλγ
982 3477 1035 3514 om.
1050 3467 1073 3512 K

95 3528 146 3598 τὴν
165 3529 305 3595 &hasien
325 3529 359 3583 ef.
374 3529 479 3584 Anecd.
494 3529 566 3585 Est:
585 3540 634 3586 τοῦ
649 3531 743 3585 eodd.:
764 3531 856 3603 (τὴν)
871 3541 920 3586 τοῦ
961 3531 1094 3585 alnkoven
