<?xml version="1.0" encoding="UTF-8"?>
<!DOCTYPE html PUBLIC "-//W3C//DTD XHTML 1.0 Transitional//EN"
    "http://www.w3.org/TR/xhtml1/DTD/xhtml1-transitional.dtd">
<html xmlns="http://www.w3.org/1999/xhtml" xml:lang="en" lang="en">
 <head>
  <title>
</title>
<meta http-equiv="Content-Type" content="text/html;charset=utf-8" />
  <meta name='ocr-system' content='tesseract 3.04.00' />
  <meta name='ocr-capabilities' content='ocr_page ocr_carea ocr_par ocr_line ocrx_word'/>
</head>
<body>
  <div class='ocr_page' id='page_1' title='image "./scholiaintheocr00wendgoog_0009.png"; bbox 0 0 2438 3870; ppageno 0'>
   <div class='ocr_carea' id='block_1_1' title="bbox 431 738 692 837">
    <p class='ocr_par' dir='ltr' id='par_1_1' title="bbox 431 738 692 837">
     <span class='ocr_line' id='line_1_1' title="bbox 431 738 692 837; baseline 0 -1"><span class='ocrx_word' id='word_1_1' title='bbox 431 738 692 837; x_wconf 87' lang='lat' dir='ltr'><strong>Praefatio</strong></span> 
     </span>
    </p>
   </div>
   <div class='ocr_carea' id='block_1_2' title="bbox 52 943 1075 3516">
    <p class='ocr_par' dir='ltr' id='par_1_2' title="bbox 52 943 1075 3516">
     <span class='ocr_line' id='line_1_2' title="bbox 126 943 1070 1019; baseline 0.002 -17"><span class='ocrx_word' id='word_1_2' title='bbox 126 944 246 1004; x_wconf 78' lang='lat' dir='ltr'>Scholia</span> <span class='ocrx_word' id='word_1_3' title='bbox 258 945 291 1002; x_wconf 96' lang='lat' dir='ltr'><strong>in</strong></span> <span class='ocrx_word' id='word_1_4' title='bbox 300 944 491 1002; x_wconf 74' lang='lat' dir='ltr'>Theocritum</span> <span class='ocrx_word' id='word_1_5' title='bbox 505 945 608 1002; x_wconf 85' lang='lat' dir='ltr'><strong>vetera</strong></span> <span class='ocrx_word' id='word_1_6' title='bbox 623 943 660 1001; x_wconf 86' lang='lat' dir='ltr'><strong>ab</strong></span> <span class='ocrx_word' id='word_1_7' title='bbox 671 945 780 1002; x_wconf 86' lang='lat' dir='ltr'><strong>aetatis</strong></span> <span class='ocrx_word' id='word_1_8' title='bbox 790 943 968 1019; x_wconf 84' lang='lat' dir='ltr'><strong>byzantinae</strong></span> <span class='ocrx_word' id='word_1_9' title='bbox 978 945 1070 1004; x_wconf 90' lang='lat' dir='ltr'><strong>inter-</strong></span> 
     </span>
     <span class='ocr_line' id='line_1_3' title="bbox 56 1031 1075 1111; baseline 0.002 -20"><span class='ocrx_word' id='word_1_10' title='bbox 56 1034 251 1111; x_wconf 89' lang='lat' dir='ltr'><strong>pretamentis</strong></span> <span class='ocrx_word' id='word_1_11' title='bbox 269 1033 384 1109; x_wconf 89' lang='lat' dir='ltr'><strong>primus</strong></span> <span class='ocrx_word' id='word_1_12' title='bbox 402 1032 532 1092; x_wconf 86' lang='lat' dir='ltr'><strong>seiunxit</strong></span> <span class='ocrx_word' id='word_1_13' title='bbox 545 1031 692 1091; x_wconf 88' lang='lat' dir='ltr'><strong>Henricus</strong></span> <span class='ocrx_word' id='word_1_14' title='bbox 706 1032 851 1092; x_wconf 85' lang='lat' dir='ltr'><strong>Ludolfus</strong></span> <span class='ocrx_word' id='word_1_15' title='bbox 865 1033 1004 1093; x_wconf 78' lang='lat' dir='ltr'><strong>Ahrens</strong></span> <span class='ocrx_word' id='word_1_16' title='bbox 1023 1037 1075 1093; x_wconf 83' lang='lat' dir='ltr'><strong>vir</strong></span> 
     </span>
     <span class='ocr_line' id='line_1_4' title="bbox 57 1120 1069 1200; baseline -0.001 -17"><span class='ocrx_word' id='word_1_17' title='bbox 57 1125 94 1183; x_wconf 91' lang='lat' dir='ltr'><strong>de</strong></span> <span class='ocrx_word' id='word_1_18' title='bbox 112 1123 196 1200; x_wconf 90' lang='lat' dir='ltr'><strong>poesi</strong></span> <span class='ocrx_word' id='word_1_19' title='bbox 213 1122 349 1181; x_wconf 90' lang='lat' dir='ltr'><strong>bucolica</strong></span> <span class='ocrx_word' id='word_1_20' title='bbox 362 1121 448 1180; x_wconf 88' lang='lat' dir='ltr'><strong>unice</strong></span> <span class='ocrx_word' id='word_1_21' title='bbox 462 1120 595 1179; x_wconf 88' lang='lat' dir='ltr'><strong>moritus.</strong></span> <span class='ocrx_word' id='word_1_22' title='bbox 623 1139 694 1180; x_wconf 83' lang='lat' dir='ltr'><strong>nem</strong></span> <span class='ocrx_word' id='word_1_23' title='bbox 708 1122 789 1198; x_wconf 92' lang='lat' dir='ltr'><strong>quod</strong></span> <span class='ocrx_word' id='word_1_24' title='bbox 804 1126 873 1181; x_wconf 87' lang='lat' dir='ltr'><strong>ante</strong></span> <span class='ocrx_word' id='word_1_25' title='bbox 886 1122 973 1181; x_wconf 93' lang='lat' dir='ltr'><strong>illum</strong></span> <span class='ocrx_word' id='word_1_26' title='bbox 989 1122 1069 1182; x_wconf 80' lang='lat' dir='ltr'><strong>Gaii</strong></span> 
     </span>
     <span class='ocr_line' id='line_1_5' title="bbox 57 1208 1069 1292; baseline 0.001 -21"><span class='ocrx_word' id='word_1_27' title='bbox 57 1216 89 1271; x_wconf 86' lang='lat' dir='ltr'><strong>et</strong></span> <span class='ocrx_word' id='word_1_28' title='bbox 102 1212 267 1271; x_wconf 89' lang='lat' dir='ltr'><strong>Duebner</strong></span> <span class='ocrx_word' id='word_1_29' title='bbox 285 1210 385 1288; x_wconf 78' lang='grc' dir='ltr'><strong><em>σχόλια</em></strong></span> <span class='ocrx_word' id='word_1_30' title='bbox 403 1209 513 1268; x_wconf 77' lang='grc' dir='ltr'><em>παλαιά</em></span> <span class='ocrx_word' id='word_1_31' title='bbox 532 1213 562 1268; x_wconf 93' lang='lat' dir='ltr'><strong>et</strong></span> <span class='ocrx_word' id='word_1_32' title='bbox 581 1208 681 1288; x_wconf 83' lang='grc' dir='ltr'><em>σχόλια</em></span> <span class='ocrx_word' id='word_1_33' title='bbox 700 1209 824 1292; x_wconf 83' lang='grc' dir='ltr'><strong><em>νεώτερα</em></strong></span> <span class='ocrx_word' id='word_1_34' title='bbox 844 1212 1007 1272; x_wconf 88' lang='lat' dir='ltr'><strong>discernere</strong></span> <span class='ocrx_word' id='word_1_35' title='bbox 1022 1231 1069 1272; x_wconf 92' lang='lat' dir='ltr'><strong>co·</strong></span> 
     </span>
     <span class='ocr_line' id='line_1_6' title="bbox 56 1299 1072 1375; baseline 0 -15"><span class='ocrx_word' id='word_1_36' title='bbox 56 1301 122 1360; x_wconf 90' lang='lat' dir='ltr'><strong>nati</strong></span> <span class='ocrx_word' id='word_1_37' title='bbox 142 1303 225 1375; x_wconf 85' lang='lat' dir='ltr'><strong>eunt,</strong></span> <span class='ocrx_word' id='word_1_38' title='bbox 247 1300 358 1358; x_wconf 89' lang='lat' dir='ltr'><strong>nullius</strong></span> <span class='ocrx_word' id='word_1_39' title='bbox 376 1299 518 1358; x_wconf 81' lang='lat' dir='ltr'><strong>momenti</strong></span> <span class='ocrx_word' id='word_1_40' title='bbox 537 1302 595 1374; x_wconf 90' lang='lat' dir='ltr'><strong>est,</strong></span> <span class='ocrx_word' id='word_1_41' title='bbox 614 1318 681 1358; x_wconf 91' lang='lat' dir='ltr'><strong>cum</strong></span> <span class='ocrx_word' id='word_1_42' title='bbox 699 1301 730 1359; x_wconf 94' lang='lat' dir='ltr'><strong>hi</strong></span> <span class='ocrx_word' id='word_1_43' title='bbox 748 1302 807 1360; x_wconf 78' lang='lat' dir='ltr'><strong>viri</strong></span> <span class='ocrx_word' id='word_1_44' title='bbox 826 1300 907 1360; x_wconf 92' lang='lat' dir='ltr'><strong>docti</strong></span> <span class='ocrx_word' id='word_1_45' title='bbox 925 1301 964 1359; x_wconf 91' lang='lat' dir='ltr'><strong>ad</strong></span> <span class='ocrx_word' id='word_1_46' title='bbox 982 1319 1072 1361; x_wconf 90' lang='lat' dir='ltr'><strong>suum</strong></span> 
     </span>
     <span class='ocr_line' id='line_1_7' title="bbox 56 1388 1068 1450; baseline -0.001 -1"><span class='ocrx_word' id='word_1_47' title='bbox 56 1391 90 1450; x_wconf 88' lang='lat' dir='ltr'><strong>id</strong></span> <span class='ocrx_word' id='word_1_48' title='bbox 103 1390 229 1449; x_wconf 74' lang='lat' dir='ltr'><strong>fecerint</strong></span> <span class='ocrx_word' id='word_1_49' title='bbox 242 1388 397 1449; x_wconf 87' lang='lat' dir='ltr'><strong>arbitrium</strong></span> <span class='ocrx_word' id='word_1_50' title='bbox 412 1388 556 1448; x_wconf 88' lang='lat' dir='ltr'><strong>memoria</strong></span> <span class='ocrx_word' id='word_1_51' title='bbox 570 1389 748 1448; x_wconf 79' lang='lat' dir='ltr'>scholiorum</span> <span class='ocrx_word' id='word_1_52' title='bbox 762 1389 846 1449; x_wconf 92' lang='lat' dir='ltr'><strong>nullo</strong></span> <span class='ocrx_word' id='word_1_53' title='bbox 860 1389 949 1449; x_wconf 94' lang='lat' dir='ltr'><strong>modo</strong></span> <span class='ocrx_word' id='word_1_54' title='bbox 960 1391 1068 1450; x_wconf 85' lang='lat' dir='ltr'><strong>exami-</strong></span> 
     </span>
     <span class='ocr_line' id='line_1_8' title="bbox 56 1477 1069 1556; baseline 0 -18"><span class='ocrx_word' id='word_1_55' title='bbox 56 1482 138 1538; x_wconf 83' lang='lat' dir='ltr'><strong>nata.</strong></span> <span class='ocrx_word' id='word_1_56' title='bbox 157 1498 211 1538; x_wconf 91' lang='lat' dir='ltr'><strong>neo</strong></span> <span class='ocrx_word' id='word_1_57' title='bbox 224 1482 324 1538; x_wconf 85' lang='lat' dir='ltr'><strong>tamen</strong></span> <span class='ocrx_word' id='word_1_58' title='bbox 338 1477 484 1537; x_wconf 87' lang='lat' dir='ltr'><strong>Abrensio</strong></span> <span class='ocrx_word' id='word_1_59' title='bbox 499 1477 619 1554; x_wconf 86' lang='lat' dir='ltr'><strong>quidem</strong></span> <span class='ocrx_word' id='word_1_60' title='bbox 632 1478 743 1555; x_wconf 89' lang='lat' dir='ltr'><strong>ubique</strong></span> <span class='ocrx_word' id='word_1_61' title='bbox 758 1480 894 1556; x_wconf 86' lang='lat' dir='ltr'><strong>contigit,</strong></span> <span class='ocrx_word' id='word_1_62' title='bbox 907 1482 943 1538; x_wconf 93' lang='lat' dir='ltr'><strong>ut</strong></span> <span class='ocrx_word' id='word_1_63' title='bbox 956 1480 1069 1539; x_wconf 90' lang='lat' dir='ltr'><strong>scholia</strong></span> 
     </span>
     <span class='ocr_line' id='line_1_9' title="bbox 55 1564 1068 1646; baseline -0.001 -18"><span class='ocrx_word' id='word_1_64' title='bbox 55 1571 188 1628; x_wconf 82' lang='lat' dir='ltr'><strong>recentia</strong></span> <span class='ocrx_word' id='word_1_65' title='bbox 213 1568 250 1626; x_wconf 86' lang='lat' dir='ltr'><strong>ab</strong></span> <span class='ocrx_word' id='word_1_66' title='bbox 276 1567 494 1642; x_wconf 75' lang='lat' dir='ltr'><strong>antiquioribus</strong></span> <span class='ocrx_word' id='word_1_67' title='bbox 519 1569 598 1626; x_wconf 90' lang='lat' dir='ltr'><strong>recte</strong></span> <span class='ocrx_word' id='word_1_68' title='bbox 624 1564 802 1646; x_wconf 81' lang='lat' dir='ltr'><strong>segregaret.</strong></span> <span class='ocrx_word' id='word_1_69' title='bbox 839 1587 906 1627; x_wconf 91' lang='lat' dir='ltr'><strong>cum</strong></span> <span class='ocrx_word' id='word_1_70' title='bbox 933 1570 1068 1628; x_wconf 88' lang='lat' dir='ltr'><strong>enimin</strong></span> 
     </span>
     <span class='ocr_line' id='line_1_10' title="bbox 56 1655 1066 1736; baseline 0 -18"><span class='ocrx_word' id='word_1_71' title='bbox 56 1658 170 1736; x_wconf 86' lang='lat' dir='ltr'><strong>idylliie</strong></span> <span class='ocrx_word' id='word_1_72' title='bbox 190 1657 326 1717; x_wconf 69' lang='lat' dir='ltr'>1÷V111</span> <span class='ocrx_word' id='word_1_73' title='bbox 348 1657 447 1716; x_wconf 91' lang='lat' dir='ltr'><strong>codice</strong></span> <span class='ocrx_word' id='word_1_74' title='bbox 470 1655 668 1715; x_wconf 80' lang='lat' dir='ltr'><strong>bibliothecae</strong></span> <span class='ocrx_word' id='word_1_75' title='bbox 690 1657 828 1733; x_wconf 91' lang='lat' dir='ltr'><strong>publicae</strong></span> <span class='ocrx_word' id='word_1_76' title='bbox 851 1657 1015 1733; x_wconf 87' lang='lat' dir='ltr'><strong>Lipsiensis</strong></span> <span class='ocrx_word' id='word_1_77' title='bbox 1039 1660 1066 1718; x_wconf 88' lang='lat'><strong>3.</strong></span> 
     </span>
     <span class='ocr_line' id='line_1_11' title="bbox 57 1745 1070 1824; baseline -0.001 -17"><span class='ocrx_word' id='word_1_78' title='bbox 57 1748 94 1807; x_wconf 86' lang='lat' dir='ltr'><strong>ab</strong></span> <span class='ocrx_word' id='word_1_79' title='bbox 117 1747 182 1824; x_wconf 92' lang='lat' dir='ltr'><strong>ipso</strong></span> <span class='ocrx_word' id='word_1_80' title='bbox 206 1747 316 1806; x_wconf 88' lang='lat' dir='ltr'><strong>collato</strong></span> <span class='ocrx_word' id='word_1_81' title='bbox 338 1745 374 1804; x_wconf 88' lang='lat' dir='ltr'><strong>dc</strong></span> <span class='ocrx_word' id='word_1_82' title='bbox 392 1745 540 1804; x_wconf 83' lang='lat' dir='ltr'><strong>Manuelis</strong></span> <span class='ocrx_word' id='word_1_83' title='bbox 558 1745 744 1821; x_wconf 87' lang='lat' dir='ltr'><strong>Moschopuli</strong></span> <span class='ocrx_word' id='word_1_84' title='bbox 763 1749 975 1806; x_wconf 90' lang='lat' dir='ltr'><strong>commentario</strong></span> <span class='ocrx_word' id='word_1_85' title='bbox 994 1747 1070 1806; x_wconf 84' lang='lat' dir='ltr'><strong>eatis</strong></span> 
     </span>
     <span class='ocr_line' id='line_1_12' title="bbox 56 1834 1067 1913; baseline -0.001 -17"><span class='ocrx_word' id='word_1_86' title='bbox 56 1837 177 1896; x_wconf 89' lang='lat' dir='ltr'><strong>edoctus</strong></span> <span class='ocrx_word' id='word_1_87' title='bbox 196 1838 282 1910; x_wconf 87' lang='lat' dir='ltr'><strong>esset,</strong></span> <span class='ocrx_word' id='word_1_88' title='bbox 299 1837 332 1892; x_wconf 90' lang='lat' dir='ltr'><strong>in</strong></span> <span class='ocrx_word' id='word_1_89' title='bbox 344 1835 459 1913; x_wconf 85' lang='lat' dir='ltr'><strong>idyiiiis</strong></span> <span class='ocrx_word' id='word_1_90' title='bbox 472 1834 635 1893; x_wconf 88' lang='lat' dir='ltr'><strong>IX-XIH</strong></span> <span class='ocrx_word' id='word_1_91' title='bbox 649 1838 729 1894; x_wconf 89' lang='lat' dir='ltr'><strong>certo</strong></span> <span class='ocrx_word' id='word_1_92' title='bbox 743 1835 893 1911; x_wconf 90' lang='lat' dir='ltr'><strong>praesidio</strong></span> <span class='ocrx_word' id='word_1_93' title='bbox 908 1835 1067 1895; x_wconf 85' lang='lat' dir='ltr'><strong>destitutus</strong></span> 
     </span>
     <span class='ocr_line' id='line_1_13' title="bbox 56 1923 1068 1985; baseline -0.002 0"><span class='ocrx_word' id='word_1_94' title='bbox 56 1946 75 1984; x_wconf 87' lang='lat' dir='ltr'><strong>a</strong></span> <span class='ocrx_word' id='word_1_95' title='bbox 93 1928 221 1985; x_wconf 88' lang='lat' dir='ltr'><strong>veritate</strong></span> <span class='ocrx_word' id='word_1_96' title='bbox 239 1925 320 1984; x_wconf 86' lang='lat' dir='ltr'><strong>haud</strong></span> <span class='ocrx_word' id='word_1_97' title='bbox 337 1943 406 1984; x_wconf 88' lang='lat' dir='ltr'><strong>raro</strong></span> <span class='ocrx_word' id='word_1_98' title='bbox 425 1923 582 1983; x_wconf 85' lang='lat' dir='ltr'><strong>aberravit.</strong></span> <span class='ocrx_word' id='word_1_99' title='bbox 612 1943 760 1982; x_wconf 86' lang='lat' dir='ltr'><strong>summum</strong></span> <span class='ocrx_word' id='word_1_100' title='bbox 773 1943 843 1983; x_wconf 86' lang='lat' dir='ltr'><strong>vero</strong></span> <span class='ocrx_word' id='word_1_101' title='bbox 857 1923 1068 1983; x_wconf 90' lang='lat' dir='ltr'><strong>detrimentum</strong></span> 
     </span>
     <span class='ocr_line' id='line_1_14' title="bbox 54 2012 1067 2088; baseline -0.003 -14"><span class='ocrx_word' id='word_1_102' title='bbox 54 2015 197 2074; x_wconf 80' lang='lat' dir='ltr'><strong>Abrensii</strong></span> <span class='ocrx_word' id='word_1_103' title='bbox 215 2015 306 2073; x_wconf 92' lang='lat' dir='ltr'><strong>editio</strong></span> <span class='ocrx_word' id='word_1_104' title='bbox 324 2013 393 2072; x_wconf 90' lang='lat' dir='ltr'><strong>inde</strong></span> <span class='ocrx_word' id='word_1_105' title='bbox 414 2013 501 2088; x_wconf 82' lang='lat' dir='ltr'><strong>cepit,</strong></span> <span class='ocrx_word' id='word_1_106' title='bbox 521 2013 600 2088; x_wconf 91' lang='lat' dir='ltr'><strong>quod</strong></span> <span class='ocrx_word' id='word_1_107' title='bbox 618 2012 698 2086; x_wconf 88' lang='lat' dir='ltr'><strong>libri,</strong></span> <span class='ocrx_word' id='word_1_108' title='bbox 717 2012 769 2087; x_wconf 92' lang='lat' dir='ltr'><strong>qui</strong></span> <span class='ocrx_word' id='word_1_109' title='bbox 787 2015 889 2072; x_wconf 89' lang='lat' dir='ltr'><strong>vetera</strong></span> <span class='ocrx_word' id='word_1_110' title='bbox 903 2013 1015 2072; x_wconf 80' lang='lat' dir='ltr'><strong>scholia</strong></span> <span class='ocrx_word' id='word_1_111' title='bbox 1029 2014 1067 2073; x_wconf 91' lang='lat' dir='ltr'><strong>ad</strong></span> 
     </span>
     <span class='ocr_line' id='line_1_15' title="bbox 55 2101 1067 2180; baseline -0.001 -19"><span class='ocrx_word' id='word_1_112' title='bbox 55 2123 110 2163; x_wconf 93' lang='lat' dir='ltr'><strong>nos</strong></span> <span class='ocrx_word' id='word_1_113' title='bbox 123 2105 338 2180; x_wconf 83' lang='lat' dir='ltr'><strong>propagarunt,</strong></span> <span class='ocrx_word' id='word_1_114' title='bbox 355 2121 463 2177; x_wconf 87' lang='lat' dir='ltr'><strong>parum</strong></span> <span class='ocrx_word' id='word_1_115' title='bbox 477 2101 504 2159; x_wconf 89' lang='lat' dir='ltr'><strong>ei</strong></span> <span class='ocrx_word' id='word_1_116' title='bbox 518 2102 604 2160; x_wconf 90' lang='lat' dir='ltr'><strong>erant</strong></span> <span class='ocrx_word' id='word_1_117' title='bbox 618 2101 691 2159; x_wconf 91' lang='lat' dir='ltr'><strong>noti.</strong></span> <span class='ocrx_word' id='word_1_118' title='bbox 714 2120 896 2177; x_wconf 84' lang='lat' dir='ltr'><strong>quamquam</strong></span> <span class='ocrx_word' id='word_1_119' title='bbox 909 2102 988 2160; x_wconf 92' lang='lat' dir='ltr'><strong>enim</strong></span> <span class='ocrx_word' id='word_1_120' title='bbox 1002 2121 1067 2179; x_wconf 88' lang='lat' dir='ltr'><strong>per·</strong></span> 
     </span>
     <span class='ocr_line' id='line_1_16' title="bbox 55 2189 1067 2252; baseline -0.001 0"><span class='ocrx_word' id='word_1_121' title='bbox 55 2193 166 2252; x_wconf 90' lang='lat' dir='ltr'><strong>multas</strong></span> <span class='ocrx_word' id='word_1_122' title='bbox 185 2191 320 2251; x_wconf 90' lang='lat' dir='ltr'><strong>codicum</strong></span> <span class='ocrx_word' id='word_1_123' title='bbox 336 2189 511 2248; x_wconf 87' lang='lat' dir='ltr'><strong>Italicorum</strong></span> <span class='ocrx_word' id='word_1_124' title='bbox 529 2189 670 2249; x_wconf 88' lang='lat' dir='ltr'><strong>lectiones</strong></span> <span class='ocrx_word' id='word_1_125' title='bbox 688 2191 787 2250; x_wconf 82' lang='lat' dir='ltr'><strong>variae</strong></span> <span class='ocrx_word' id='word_1_126' title='bbox 802 2190 905 2250; x_wconf 90' lang='lat' dir='ltr'><strong>Iaoobi</strong></span> <span class='ocrx_word' id='word_1_127' title='bbox 919 2190 1067 2251; x_wconf 87' lang='lat' dir='ltr'><strong>Sancta·</strong></span> 
     </span>
     <span class='ocr_line' id='line_1_17' title="bbox 55 2276 1068 2356; baseline -0.002 -15"><span class='ocrx_word' id='word_1_128' title='bbox 55 2281 176 2342; x_wconf 84' lang='lat' dir='ltr'><strong>mendi</strong></span> <span class='ocrx_word' id='word_1_129' title='bbox 199 2281 293 2356; x_wconf 91' lang='lat' dir='ltr'><strong>copiis</strong></span> <span class='ocrx_word' id='word_1_130' title='bbox 314 2281 363 2338; x_wconf 91' lang='lat' dir='ltr'><strong>usi</strong></span> <span class='ocrx_word' id='word_1_131' title='bbox 381 2279 530 2338; x_wconf 90' lang='lat' dir='ltr'><strong>Warton</strong></span> <span class='ocrx_word' id='word_1_132' title='bbox 554 2281 584 2336; x_wconf 93' lang='lat' dir='ltr'><strong>et</strong></span> <span class='ocrx_word' id='word_1_133' title='bbox 603 2276 771 2339; x_wconf 81' lang='lat' dir='ltr'><strong>Gaisford</strong></span> <span class='ocrx_word' id='word_1_134' title='bbox 793 2282 826 2338; x_wconf 92' lang='lat' dir='ltr'><strong>in</strong></span> <span class='ocrx_word' id='word_1_135' title='bbox 848 2281 980 2339; x_wconf 91' lang='lat' dir='ltr'><strong>medium</strong></span> <span class='ocrx_word' id='word_1_136' title='bbox 999 2299 1068 2356; x_wconf 93' lang='lat' dir='ltr'><strong>pro·</strong></span> 
     </span>
     <span class='ocr_line' id='line_1_18' title="bbox 54 2366 1066 2446; baseline -0.002 -16"><span class='ocrx_word' id='word_1_137' title='bbox 54 2373 195 2446; x_wconf 77' lang='lat' dir='ltr'><strong>tulerant,</strong></span> <span class='ocrx_word' id='word_1_138' title='bbox 215 2368 295 2429; x_wconf 85' lang='lat' dir='ltr'><strong>Gaii</strong></span> <span class='ocrx_word' id='word_1_139' title='bbox 315 2372 345 2428; x_wconf 86' lang='lat' dir='ltr'><strong>et</strong></span> <span class='ocrx_word' id='word_1_140' title='bbox 358 2368 523 2427; x_wconf 88' lang='lat' dir='ltr'><strong>Duebner</strong></span> <span class='ocrx_word' id='word_1_141' title='bbox 542 2366 656 2428; x_wconf 88' lang='lat' dir='ltr'><strong>codices</strong></span> <span class='ocrx_word' id='word_1_142' title='bbox 675 2368 827 2429; x_wconf 89' lang='lat' dir='ltr'><strong>Parisinos</strong></span> <span class='ocrx_word' id='word_1_143' title='bbox 847 2387 948 2429; x_wconf 90' lang='lat' dir='ltr'><strong>omnes</strong></span> <span class='ocrx_word' id='word_1_144' title='bbox 967 2387 1066 2428; x_wconf 87' lang='lat' dir='ltr'><strong>exous-</strong></span> 
     </span>
     <span class='ocr_line' id='line_1_19' title="bbox 55 2457 1067 2536; baseline -0.004 -16"><span class='ocrx_word' id='word_1_145' title='bbox 55 2463 169 2535; x_wconf 81' lang='lat' dir='ltr'><strong>serunt,</strong></span> <span class='ocrx_word' id='word_1_146' title='bbox 196 2459 328 2536; x_wconf 81' lang='lat' dir='ltr'><strong>singulos</strong></span> <span class='ocrx_word' id='word_1_147' title='bbox 354 2457 447 2518; x_wconf 89' lang='lat' dir='ltr'><strong>libros</strong></span> <span class='ocrx_word' id='word_1_148' title='bbox 475 2476 542 2516; x_wconf 92' lang='lat' dir='ltr'><strong>cum</strong></span> <span class='ocrx_word' id='word_1_149' title='bbox 568 2458 602 2515; x_wconf 92' lang='lat' dir='ltr'><strong>in</strong></span> <span class='ocrx_word' id='word_1_150' title='bbox 629 2458 757 2516; x_wconf 86' lang='lat' dir='ltr'><strong>aliorum</strong></span> <span class='ocrx_word' id='word_1_151' title='bbox 783 2461 850 2516; x_wconf 91' lang='lat' dir='ltr'><strong>tum</strong></span> <span class='ocrx_word' id='word_1_152' title='bbox 872 2461 904 2518; x_wconf 88' lang='lat' dir='ltr'><strong>in</strong></span> <span class='ocrx_word' id='word_1_153' title='bbox 926 2459 1067 2517; x_wconf 89' lang='lat' dir='ltr'><strong>Abrensii</strong></span> 
     </span>
     <span class='ocr_line' id='line_1_20' title="bbox 55 2547 1066 2624; baseline -0.001 -17"><span class='ocrx_word' id='word_1_154' title='bbox 55 2568 142 2608; x_wconf 90' lang='lat' dir='ltr'><strong>usum</strong></span> <span class='ocrx_word' id='word_1_155' title='bbox 164 2548 253 2608; x_wconf 86' lang='lat' dir='ltr'><strong>multi</strong></span> <span class='ocrx_word' id='word_1_156' title='bbox 274 2548 333 2608; x_wconf 84' lang='lat' dir='ltr'><strong>viri</strong></span> <span class='ocrx_word' id='word_1_157' title='bbox 355 2548 436 2607; x_wconf 91' lang='lat' dir='ltr'><strong>docti</strong></span> <span class='ocrx_word' id='word_1_158' title='bbox 458 2547 661 2622; x_wconf 84' lang='lat' dir='ltr'><strong>inspexerant,</strong></span> <span class='ocrx_word' id='word_1_159' title='bbox 684 2549 785 2606; x_wconf 90' lang='lat' dir='ltr'><strong>tamen</strong></span> <span class='ocrx_word' id='word_1_160' title='bbox 808 2549 957 2624; x_wconf 83' lang='lat' dir='ltr'><strong>integram</strong></span> <span class='ocrx_word' id='word_1_161' title='bbox 976 2551 1066 2624; x_wconf 89' lang='lat' dir='ltr'><strong>atque</strong></span> 
     </span>
     <span class='ocr_line' id='line_1_21' title="bbox 56 2635 1065 2698; baseline -0.002 -1"><span class='ocrx_word' id='word_1_162' title='bbox 56 2640 227 2698; x_wconf 84' lang='lat' dir='ltr'><strong>accuratam</strong></span> <span class='ocrx_word' id='word_1_163' title='bbox 248 2637 388 2696; x_wconf 87' lang='lat' dir='ltr'><strong>notitiam</strong></span> <span class='ocrx_word' id='word_1_164' title='bbox 405 2636 522 2694; x_wconf 86' lang='lat' dir='ltr'><strong>Ahrens</strong></span> <span class='ocrx_word' id='word_1_165' title='bbox 543 2655 603 2694; x_wconf 91' lang='lat' dir='ltr'><strong>non</strong></span> <span class='ocrx_word' id='word_1_166' title='bbox 621 2635 751 2695; x_wconf 88' lang='lat' dir='ltr'><strong>habebat</strong></span> <span class='ocrx_word' id='word_1_167' title='bbox 768 2637 827 2694; x_wconf 89' lang='lat' dir='ltr'><strong>nisi</strong></span> <span class='ocrx_word' id='word_1_168' title='bbox 845 2635 954 2696; x_wconf 89' lang='lat' dir='ltr'><strong>codicis</strong></span> <span class='ocrx_word' id='word_1_169' title='bbox 974 2635 1065 2695; x_wconf 84' lang='lat' dir='ltr'><strong>Gene-</strong></span> 
     </span>
     <span class='ocr_line' id='line_1_22' title="bbox 54 2715 1066 2801; baseline -0.003 -14"><span class='ocrx_word' id='word_1_170' title='bbox 54 2729 153 2788; x_wconf 87' lang='lat' dir='ltr'><strong>vensis</strong></span> <span class='ocrx_word' id='word_1_171' title='bbox 171 2726 240 2785; x_wconf 90' lang='lat' dir='ltr'><strong>inde</strong></span> <span class='ocrx_word' id='word_1_172' title='bbox 259 2724 459 2785; x_wconf 79' lang='lat' dir='ltr'><strong>aGasauboni</strong></span> <span class='ocrx_word' id='word_1_173' title='bbox 477 2715 663 2801; x_wconf 88' lang='lat' dir='ltr'><strong>temporibus</strong></span> <span class='ocrx_word' id='word_1_174' title='bbox 681 2725 777 2800; x_wconf 89' lang='lat' dir='ltr'><strong>pluris</strong></span> <span class='ocrx_word' id='word_1_175' title='bbox 796 2743 891 2800; x_wconf 90' lang='lat' dir='ltr'><strong>aequo</strong></span> <span class='ocrx_word' id='word_1_176' title='bbox 907 2727 1066 2799; x_wconf 85' lang='lat' dir='ltr'><strong>aestimati,</strong></span> 
     </span>
     <span class='ocr_line' id='line_1_23' title="bbox 55 2814 1064 2891; baseline -0.003 -16"><span class='ocrx_word' id='word_1_177' title='bbox 55 2818 140 2875; x_wconf 91' lang='lat' dir='ltr'><strong>cuius</strong></span> <span class='ocrx_word' id='word_1_178' title='bbox 168 2815 355 2874; x_wconf 86' lang='lat' dir='ltr'><strong>collationem</strong></span> <span class='ocrx_word' id='word_1_179' title='bbox 383 2814 644 2891; x_wconf 86' lang='lat' dir='ltr'><strong>diligentissimam</strong></span> <span class='ocrx_word' id='word_1_180' title='bbox 672 2814 709 2872; x_wconf 90' lang='lat' dir='ltr'><strong>ab</strong></span> <span class='ocrx_word' id='word_1_181' title='bbox 736 2814 874 2872; x_wconf 85' lang='lat' dir='ltr'><strong>Aderto</strong></span> <span class='ocrx_word' id='word_1_182' title='bbox 903 2817 1064 2890; x_wconf 88' lang='lat' dir='ltr'><strong>acceperat.</strong></span> 
     </span>
     <span class='ocr_line' id='line_1_24' title="bbox 55 2902 1065 2980; baseline -0.004 -14"><span class='ocrx_word' id='word_1_183' title='bbox 55 2925 124 2966; x_wconf 91' lang='lat' dir='ltr'><strong>cum</strong></span> <span class='ocrx_word' id='word_1_184' title='bbox 146 2924 193 2964; x_wconf 89' lang='lat' dir='ltr'><strong>res</strong></span> <span class='ocrx_word' id='word_1_185' title='bbox 215 2905 261 2962; x_wconf 91' lang='lat' dir='ltr'><strong>ita</strong></span> <span class='ocrx_word' id='word_1_186' title='bbox 277 2919 311 2964; x_wconf 65' lang='lat' dir='ltr'><strong>&#39;se</strong></span> <span class='ocrx_word' id='word_1_187' title='bbox 329 2903 464 2978; x_wconf 85' lang='lat' dir='ltr'><strong>haberet,</strong></span> <span class='ocrx_word' id='word_1_188' title='bbox 487 2902 604 2961; x_wconf 83' lang='lat' dir='ltr'><strong>Ahrens</strong></span> <span class='ocrx_word' id='word_1_189' title='bbox 622 2921 682 2961; x_wconf 91' lang='lat' dir='ltr'><strong>non</strong></span> <span class='ocrx_word' id='word_1_190' title='bbox 699 2903 796 2980; x_wconf 83' lang='lat' dir='ltr'><strong>magis</strong></span> <span class='ocrx_word' id='word_1_191' title='bbox 815 2921 906 2979; x_wconf 89' lang='lat' dir='ltr'><strong>quam</strong></span> <span class='ocrx_word' id='word_1_192' title='bbox 924 2903 978 2980; x_wconf 91' lang='lat' dir='ltr'><strong>qui</strong></span> <span class='ocrx_word' id='word_1_193' title='bbox 996 2905 1065 2963; x_wconf 88' lang='lat' dir='ltr'><strong>ante</strong></span> 
     </span>
     <span class='ocr_line' id='line_1_25' title="bbox 54 2991 1065 3054; baseline -0.004 0"><span class='ocrx_word' id='word_1_194' title='bbox 54 3015 123 3054; x_wconf 87' lang='lat' dir='ltr'><strong>eum</strong></span> <span class='ocrx_word' id='word_1_195' title='bbox 148 2993 261 3054; x_wconf 90' lang='lat' dir='ltr'><strong>scholia</strong></span> <span class='ocrx_word' id='word_1_196' title='bbox 286 2993 459 3053; x_wconf 83' lang='lat' dir='ltr'><strong>Theocritea</strong></span> <span class='ocrx_word' id='word_1_197' title='bbox 485 2991 599 3051; x_wconf 88' lang='lat' dir='ltr'><strong>edenda</strong></span> <span class='ocrx_word' id='word_1_198' title='bbox 624 2994 801 3050; x_wconf 85' lang='lat' dir='ltr'><strong>curaverant</strong></span> <span class='ocrx_word' id='word_1_199' title='bbox 824 3011 936 3051; x_wconf 86' lang='lat' dir='ltr'><strong>novum</strong></span> <span class='ocrx_word' id='word_1_200' title='bbox 961 2992 1065 3050; x_wconf 88' lang='lat' dir='ltr'><strong>funda·</strong></span> 
     </span>
     <span class='ocr_line' id='line_1_26' title="bbox 54 3081 1066 3158; baseline -0.004 -16"><span class='ocrx_word' id='word_1_201' title='bbox 54 3086 191 3142; x_wconf 90' lang='lat' dir='ltr'><strong>mentum</strong></span> <span class='ocrx_word' id='word_1_202' title='bbox 208 3083 303 3143; x_wconf 86' lang='lat' dir='ltr'><strong>iacere</strong></span> <span class='ocrx_word' id='word_1_203' title='bbox 322 3083 430 3158; x_wconf 91' lang='lat' dir='ltr'><strong>potuit,</strong></span> <span class='ocrx_word' id='word_1_204' title='bbox 449 3100 507 3157; x_wconf 92' lang='lat' dir='ltr'><strong>quo</strong></span> <span class='ocrx_word' id='word_1_205' title='bbox 527 3081 692 3140; x_wconf 89' lang='lat' dir='ltr'><strong>aedificium</strong></span> <span class='ocrx_word' id='word_1_206' title='bbox 711 3081 819 3141; x_wconf 89' lang='lat' dir='ltr'><strong>stabile</strong></span> <span class='ocrx_word' id='word_1_207' title='bbox 838 3099 872 3139; x_wconf 90' lang='lat' dir='ltr'><strong>ac</strong></span> <span class='ocrx_word' id='word_1_208' title='bbox 886 3081 1005 3140; x_wconf 83' lang='lat' dir='ltr'><strong>firmum</strong></span> <span class='ocrx_word' id='word_1_209' title='bbox 1019 3101 1066 3139; x_wconf 81' lang='lat' dir='ltr'><strong>ex-</strong></span> 
     </span>
     <span class='ocr_line' id='line_1_27' title="bbox 54 3169 1065 3248; baseline -0.003 -17"><span class='ocrx_word' id='word_1_210' title='bbox 54 3175 195 3247; x_wconf 86' lang='lat' dir='ltr'><strong>strueret;</strong></span> <span class='ocrx_word' id='word_1_211' title='bbox 214 3172 266 3231; x_wconf 89' lang='lat' dir='ltr'><strong>sed</strong></span> <span class='ocrx_word' id='word_1_212' title='bbox 284 3171 446 3230; x_wconf 87' lang='lat' dir='ltr'><strong>editionem</strong></span> <span class='ocrx_word' id='word_1_213' title='bbox 463 3169 642 3246; x_wconf 90' lang='lat' dir='ltr'><strong>principem,</strong></span> <span class='ocrx_word' id='word_1_214' title='bbox 661 3189 751 3246; x_wconf 88' lang='lat' dir='ltr'><strong>quam</strong></span> <span class='ocrx_word' id='word_1_215' title='bbox 770 3169 969 3248; x_wconf 78' lang='lat' dir='ltr'><strong>Callierges</strong></span> <span class='ocrx_word' id='word_1_216' title='bbox 988 3190 1065 3228; x_wconf 89' lang='lat' dir='ltr'><strong>anno</strong></span> 
     </span>
     <span class='ocr_line' id='line_1_28' title="bbox 55 3259 1064 3335; baseline -0.002 -15"><span class='ocrx_word' id='word_1_217' title='bbox 55 3263 141 3321; x_wconf 84' lang='grc'><strong>1516</strong></span> <span class='ocrx_word' id='word_1_218' title='bbox 161 3262 274 3320; x_wconf 88' lang='lat' dir='ltr'><strong>Romae</strong></span> <span class='ocrx_word' id='word_1_219' title='bbox 292 3260 444 3334; x_wconf 86' lang='lat' dir='ltr'><strong>emiserat,</strong></span> <span class='ocrx_word' id='word_1_220' title='bbox 461 3260 505 3318; x_wconf 89' lang='lat' dir='ltr'><strong>ita</strong></span> <span class='ocrx_word' id='word_1_221' title='bbox 523 3259 659 3335; x_wconf 87' lang='lat' dir='ltr'><strong>repetiit,</strong></span> <span class='ocrx_word' id='word_1_222' title='bbox 677 3262 711 3317; x_wconf 91' lang='lat' dir='ltr'><strong>ut</strong></span> <span class='ocrx_word' id='word_1_223' title='bbox 730 3259 941 3317; x_wconf 86' lang='lat' dir='ltr'><strong>additamentis</strong></span> <span class='ocrx_word' id='word_1_224' title='bbox 961 3261 990 3316; x_wconf 89' lang='lat' dir='ltr'><strong>et</strong></span> <span class='ocrx_word' id='word_1_225' title='bbox 1008 3259 1064 3318; x_wconf 88' lang='lat' dir='ltr'><strong>lec-</strong></span> 
     </span>
     <span class='ocr_line' id='line_1_29' title="bbox 52 3347 1065 3423; baseline -0.004 -13"><span class='ocrx_word' id='word_1_226' title='bbox 52 3350 186 3410; x_wconf 92' lang='lat' dir='ltr'><strong>tionibus</strong></span> <span class='ocrx_word' id='word_1_227' title='bbox 204 3350 295 3411; x_wconf 80' lang='lat' dir='ltr'><strong>uariis</strong></span> <span class='ocrx_word' id='word_1_228' title='bbox 314 3367 429 3409; x_wconf 86' lang='lat' dir='ltr'><strong>summa</strong></span> <span class='ocrx_word' id='word_1_229' title='bbox 442 3348 591 3408; x_wconf 89' lang='lat' dir='ltr'><strong>industria</strong></span> <span class='ocrx_word' id='word_1_230' title='bbox 608 3347 741 3423; x_wconf 91' lang='lat' dir='ltr'><strong>undique</strong></span> <span class='ocrx_word' id='word_1_231' title='bbox 760 3348 892 3407; x_wconf 86' lang='lat' dir='ltr'><strong>collectis</strong></span> <span class='ocrx_word' id='word_1_232' title='bbox 907 3351 937 3405; x_wconf 91' lang='lat' dir='ltr'><strong>et</strong></span> <span class='ocrx_word' id='word_1_233' title='bbox 951 3366 1065 3407; x_wconf 88' lang='lat' dir='ltr'><strong>summa</strong></span> 
     </span>
     <span class='ocr_line' id='line_1_30' title="bbox 54 3436 1065 3516; baseline -0.004 -18"><span class='ocrx_word' id='word_1_234' title='bbox 54 3459 117 3515; x_wconf 86' lang='lat' dir='ltr'><strong>qua</strong></span> <span class='ocrx_word' id='word_1_235' title='bbox 140 3443 204 3498; x_wconf 87' lang='lat' dir='ltr'><strong>erat</strong></span> <span class='ocrx_word' id='word_1_236' title='bbox 226 3440 390 3516; x_wconf 75' lang='lat' dir='ltr'><strong>sagacitate</strong></span> <span class='ocrx_word' id='word_1_237' title='bbox 409 3437 580 3496; x_wconf 89' lang='lat' dir='ltr'><strong>diiudicatis</strong></span> <span class='ocrx_word' id='word_1_238' title='bbox 600 3436 828 3513; x_wconf 85' lang='lat' dir='ltr'><strong>adaugendum</strong></span> <span class='ocrx_word' id='word_1_239' title='bbox 847 3436 1065 3513; x_wconf 84' lang='lat' dir='ltr'><strong>corrigendum-</strong></span> 
     </span>
    </p>
   </div>
   <div class='ocr_carea' id='block_1_3' title="bbox 0 0 1224 3870">
    <p class='ocr_par' dir='ltr' id='par_1_3' title="bbox 0 0 1224 3870">
     <span class='ocr_line' id='line_1_31' title="bbox 0 0 1224 3870; baseline 0 0"><span class='ocrx_word' id='word_1_240' title='bbox 0 0 1224 3870; x_wconf 95' lang='lat' dir='ltr'><strong> </strong></span> 
     </span>
    </p>
   </div>
  </div>
 </body>
</html>
