2438 3870
156 152 220 217 156
519 153 632 208 Scholia
650 153 676 208 V
691 153 811 209 12-2b

47 331 168 377 nom
224 327 278 382 lo.
301 321 523 401 Συβαρίταντ
542 319 637 400 ὄνομα
654 320 766 393 πόλεως
784 319 804 400 ἢ
823 319 883 382 ἀπὸ
897 321 1065 402 Συβάρεως
1083 342 1172 385 ποτα·

154 428 212 498 μοῦ
231 416 251 497 ἢ
270 417 328 480 ἀπό
346 441 427 490 τινος
445 418 585 480 οἰκιστοῦ.

220 519 247 577 b.
271 517 495 597 Συβαρίταντ
513 514 572 576 ἀπὸ
587 517 757 597 Συβάρεως.
785 515 871 589 πόλις
889 514 921 578 δέ
934 515 1014 578 ἐστιν
1027 516 1108 597 αὕτη
1122 524 1173 597 τῆς

150 607 272 686 Ἰταλίας
290 608 506 693 (Ἀθηναίων)
524 611 649 687 ύποικος
667 624 725 676 νῦν
743 613 910 694 καλουμένη
932 615 1074 695 Θούριον.

47 721 146 768 ΙῦῑΑΤ
223 733 246 772 ο.
271 710 347 786 τινὲς
369 712 401 773 τὸ
422 711 495 774 αὐτὸ
517 714 646 793 Θούριον
664 711 714 773 καί
733 714 871 794 Σύβαριν
889 717 1021 774 καλοῦσι.
1055 712 1174 795 λέγουσι
1193 734 1203 775 ε

154 811 220 890 γάρ,
240 809 284 871 ὅτι
302 809 360 870 ὑπὸ
380 820 437 872 τῶν
452 814 667 892 Κροτωνιατῶν
685 809 845 895 καθῃρέθη
860 808 880 889 ἡ
895 812 1045 891 Σύβαρις·
1065 809 1174 874 έλθύν-

153 930 199 980 τες
222 904 253 968 δὲ
277 909 309 968 οἰ
327 901 485 986 Ἀθηναῖοι
508 905 603 986 αὐτὴν
622 903 732 993 ᾤκισαν
751 907 801 968 καί
823 917 859 992 τῇ
882 909 965 970 πόλει
983 909 1174 989 μετήμειψαν

153 1006 185 1066 τὸ
212 1003 306 1084 ὄνομα
328 1004 500 1078 καλέσαντες
523 1005 617 1083 αὐτὴν
643 1006 773 1085 Θούριον
796 1004 854 1066 ἀπὸ
880 1007 1011 1087 Θουρίου
1035 1014 1173 1087 ποταμοῦ

153 1103 243 1164 ἐκεῖσε
262 1103 387 1181 ῥέοντος.

110 1219 146 1262 ετ
222 1202 249 1261 d.
273 1201 333 1262 τὸν
357 1203 578 1281 Συβαρίτανε
604 1202 655 1262 τὸν
678 1200 738 1264 ἀπὸ
762 1202 927 1283 Συβάρεως
949 1201 1072 1276 πόλεως.
1110 1204 1206 1265 Σύ-τι

153 1301 239 1378 βαρις
259 1297 291 1360 δέ
309 1298 359 1360 καί
376 1301 489 1380 Θονρία
507 1296 525 1377 ἡ
546 1299 635 1377 αὐτή.
654 1298 725 1378 μετὰ
743 1298 799 1380 γὰρ
818 1300 849 1360 τὸ
864 1305 1089 1380 καθαιρεθῆναι
1102 1301 1174 1362 ταύ-

153 1419 208 1476 την
226 1396 285 1458 ὑπὸ
304 1401 520 1478 Κροτωνιατῶν
539 1398 571 1458 οἱ
586 1392 743 1476 Ἀθηναῖοι
761 1396 897 1470 ἐλθόντες
919 1393 1029 1482 ᾤκισοίν
1047 1421 1079 1460 τε
1102 1400 1174 1462 ταύ-

154 1518 208 1571 την
231 1494 281 1555 καὶ
304 1496 436 1575 Θουρίαν
458 1496 702 1576 προσηγόρευσαν
721 1495 779 1556 ἀπό
799 1483 879 1568 τινος
897 1496 1011 1577 κρήνης
1032 1497 1173 1579 Θουρίας.

157 1593 314 1674 Θεόκριτος
337 1591 369 1654 δὲ
393 1593 488 1676 διιστᾷ
512 1593 561 1653 καὶ
580 1591 672 1672 ἄλλην
690 1592 745 1671 τὴν
767 1594 898 1673 Θουρίαν
917 1592 991 1675 λέγει
1009 1592 1061 1655 καί
1078 1591 1174 1674 ύλλην

154 1690 209 1768 τὴν
232 1691 377 1771 Σύβαριν.
409 1689 483 1770 λέγει
510 1689 565 1771 γὰρ
593 1692 784 1769 παρακατιών
812 1685 853 1773 (v.
876 1685 998 1773 72sq.)'
1028 1687 1100 1753 ‘dds
1129 1708 1206 1754 τοιιῐ

155 1786 173 1846 ἁ
199 1789 310 1866 ποίμνα
334 1797 372 1848 τῶ
399 1789 516 1868 Θουρίω
539 1786 599 1848 έστί
622 1789 771 1866 Σιβύρτα,
801 1788 928 1870 Εύμοίρα
956 1786 987 1849 δὲ
1014 1787 1068 1863 τὰς
1086 1784 1175 1872 αἰγας

132 1883 244 1970 τὸρῇς,
272 1886 353 1965 φίλε,
381 1895 421 1946 τῶ
448 1883 623 1967 Συβαρίτα’.
671 1882 722 1967 [o]
744 1885 853 1965 ἰστέον,
878 1886 922 1947 ὅτι
939 1895 991 1948 τοῦ
1011 1884 1067 1967 μὲν
1085 1888 1174 1951 αἰπύ-

155 1989 208 2045 λου
227 1984 259 2046 τὸ
278 1981 373 2063 ύνομύ
391 1983 450 2045 ἐστι
468 1984 624 2064 Κομοίτας,
647 1969 681 2056 ὃς
700 1983 750 2044 καὶ
774 1984 902 2062 Εύμοίρα
925 1994 978 2046 τοῦ
997 1987 1173 2067 Συβαρίτου

154 2081 234 2161 νέμει
259 2077 355 2164 αἰμας·
384 2093 437 2145 τοῦ
464 2080 496 2144 δὲ
518 2080 658 2161 ποιμένος
677 2083 800 2160 Λύκων,
822 2079 856 2156 ὃς
881 2084 1012 2164 Θουρίου
1035 2085 1175 2168 Σιβύρτα

155 2181 234 2259 νέμει
252 2179 415 2263 θρέμματα.
1184 2199 1207 2242 το

48 2291 168 2339 nutu
223 2283 277 2340 2a.
301 2280 440 2340 Λύκων
471 2278 565 2358 ’ὄνομα
594 2280 706 2359 κύριον.
744 2277 862 2339 ἐκτείνει
893 2277 924 2340 δὲ
952 2279 984 2340 τὸ
1012 2275 1032 2338 ἆ
1060 2279 1112 2340 διὰ
1140 2278 1173 2342 τύ

48 2377 267 2455 Κῦῦῑλμέτρον.
327 2380 354 2438 b.
374 2376 510 2437 ἐτίθεσαν
529 2376 584 2457 γὰρ
604 2378 635 2437 οἱ
645 2376 768 2438 παλαιοί
782 2383 843 2449 τοῖς
858 2377 977 2449 δούλοις
989 2375 1024 2436 τὰ
1038 2373 1173 2453 ὀνόματα

154 2473 213 2534 ἀπὸ
232 2483 290 2534 τῶν
309 2474 419 2551 έθνῶν,
438 2475 551 2555 Σύρον,
570 2473 687 2552 Λυδόν,
706 2476 856 2553 Καρίωνα.

225 2617 315 2670 σεοίι.
332 2618 435 2687 λίτίῦΒο
490 2618 579 2672 Strob
595 2619 633 2672 VI
648 2624 699 2672 263
786 2630 814 2671 ιο
833 2618 1011 2690 ooh.72s'13b

226 2763 238 2804 l
264 2750 352 2820 ὄνομα
375 2760 502 2818 ποταμοῦ
527 2749 543 2820 ἢ
568 2749 625 2805 ἀπό
647 2772 725 2814 τινος
743 2753 866 2807 οἰκιστοῦ
886 2751 1073 2824 [Συβαρίτου]
1090 2760 1129 2806 K.
1152 2750 1171 2821 ἦ

154 2822 244 2892 ὄνομα
271 2821 376 2885 πόλεως
404 2823 459 2876 ἀπὸ
488 2823 611 2877 οἰκιστοῦ
636 2843 714 2886 τινος
738 2822 755 2891 ἢ
783 2823 839 2878 ἀπὸ
866 2825 1017 2895 Συβάρεως
1041 2832 1171 2894 ποταμοῦ

155 2897 219 2949 cett.
275 2894 412 2948 scholium
430 2894 661 2962 Ambrosianum,
684 2896 759 2962 quod
778 2894 911 2948 mutilum
930 2911 990 2948 esee
1008 2897 1102 2964 patet
1124 2911 1171 2951 oo-

154 2967 275 3019 tororum
296 2982 349 3034 ope
368 2965 477 3034 explevi
549 2976 564 3017 3
582 2966 612 3018 in
630 2966 771 3020 lemmatis
790 2966 852 3020 loco
866 2967 952 3035 poulo
966 2968 1106 3020 mutatam
1119 2983 1172 3036 po·

154 3037 197 3090 oui
221 3053 329 3101 vocem,
354 3053 425 3104 quoe
448 3037 478 3089 in
502 3037 563 3090 cod.
583 3044 606 3088 K
625 3036 725 3090 scholii
743 3037 937 3106 praecedentis
956 3037 1056 3091 ultima
1074 3040 1132 3105 eet,
1150 3037 1169 3092 L

154 3108 182 3160 et
200 3108 257 3161 ἀπὸ
278 3109 345 3178 Συβ.
366 3108 498 3162 dosunt
489 3127 519 3161 m
541 3112 667 3160 oum
748 3108 846 3163 dadd.
866 3110 951 3162 Adort
1031 3081 1171 3180 λῷκιύαν

153 3177 305 3232 Reiskez-
292 3195 378 3247 -ησαν
402 3180 481 3233 codd.
591 3190 618 3231 ιτ
642 3176 747 3252 ᾤκισαν
770 3179 907 3234 Reiske
898 3199 928 3233 m
952 3180 1008 3233 soh
1031 3195 1059 3234 o:
1083 3197 1170 3249 -ησαν

154 3249 234 3302 codd.
306 3199 347 3301 ηιο
367 3250 539 3321 Σοβοίρτατ
624 3236 652 3302 ιε’
672 3250 810 3304 iterantur
827 3252 897 3306 hoec
916 3268 951 3305 ex
968 3254 1135 3341 argumento
1154 3269 1170 3307 ο

154 3321 190 3373 od
213 3320 394 3388 explicandos
415 3338 509 3375 versuo
530 3321 613 3376 modo
632 3321 762 3376 laudatos
853 3333 881 3375 ιν
900 3320 1014 3394 Συβαρτ
1014 3342 1034 3376 α
1052 3322 1114 3377 ood

153 3402 181 3445 21
199 3401 310 3459 πρῶτον
328 3399 351 3443 Κ
405 3392 454 3448 διὰ
477 3392 507 3448 τὸ
531 3392 631 3462 μέτρον
654 3411 707 3447 om.
726 3398 852 3446 oum
941 3403 970 3446 τε
993 3391 1025 3448 δέ
1043 3410 1095 3462 pro
1114 3392 1169 3465 γὰρ

153 3471 176 3515 K
230 3472 289 3525 τοῖς
312 3463 423 3527 δούλοις
445 3464 566 3533 Ziegler:
590 3475 646 3518 τῶν
670 3465 778 3519 δούλων
797 3465 876 3518 codd.
930 3463 962 3519 τὸ
983 3463 1072 3533 ὄνομα
1090 3472 1114 3518 1

153 3545 182 3586 τε
200 3533 297 3589 Λυδόν
315 3534 435 3589 Ahrons:
455 3540 565 3591 Δοῦλον
585 3536 690 3601 codd
