2438 3870
453 149 618 203 Anecdoton
636 148 753 203 Eetense

248 482 365 567 Ὥσπερ
383 486 497 564 σκύφος
515 487 658 567 γάλακτος
676 484 695 566 ή
714 485 764 547 καί
781 487 909 567 κισσύβη
1125 490 1206 552 t⁵e¹r

256 580 275 662 ή
296 584 456 664 βουκολική
475 594 567 644 πᾶσιν
585 582 715 665 ἄγκειται
733 586 847 666 βίβλος·

257 681 357 762 τοιγὰρ
376 682 515 762 ῥοφῶμεν
534 682 566 742 οἷ
582 682 718 755 θέλοντες
737 683 788 745 τὸν
806 683 894 764 λόγον

256 779 379 858 στόμασι
397 781 531 860 λάβροις,
550 780 577 840 εί
593 781 744 842 κελεύουσι
763 778 876 862 φρένες.

329 1186 583 1259 Anecdoton
609 1185 795 1260 Esbense
822 1187 876 1258 III

193 1349 286 1423 seyne
304 1350 432 1423 ικανςνιιί
450 1351 583 1423 apposita
602 1350 642 1408 ad
654 1351 861 1424 μνοίεροκιικα
875 1353 1009 1424 μνααῖαι

349 1447 546 1507 antecedentia
564 1448 695 1507 λτιίονακ
714 1447 854 1522 delegem.

166 1628 193 1685 1.
208 1621 273 1684 Ὅτι
291 1632 349 1684 τῶν
368 1622 402 1683 τδι
421 1622 581 1702 βονκολικδι
595 1624 832 1706 συγγραψάντων
846 1625 924 1686 ἴδιον
939 1618 1016 1706 (ἴδια
1030 1619 1107 1708 eod.)
1123 1667 1157 1674 -

94 1723 126 1785 τὸ
141 1723 254 1803 Δωρίδι
272 1729 400 1802 χρῆσθαι
416 1720 565 1806 διαλέκτῳ,
583 1721 614 1782 τὸ
630 1728 786 1801 μιμεῖσθαι
800 1723 841 1795 είς
854 1721 946 1802 έίκρον
960 1721 1107 1805 ἀγροίκων

54 1852 80 1889 10
95 1818 212 1900 ὁμιλίας
227 1819 277 1880 καί
295 1817 412 1898 νομέων
429 1817 587 1901 χαριέντως
605 1819 695 1892 αὐτὰς
713 1819 876 1902 ἐκφράζων.
1176 1820 1179 1825 ’

161 1917 250 1998 δίρτον
274 1940 303 1978 τε
325 1916 482 1997 ἐξήρτηντο
506 1917 624 1999 μορφὰς
642 1919 761 1998 θηρίων
780 1917 812 1978 ἐν
831 1917 924 2001 ἑαυτῷ
939 1917 1041 1998 έχοντα
1058 1917 1109 1980 καί
1123 1931 1156 1974 ει

93 2017 193 2098 πήραν
220 2017 424 2097 πανσπερμίας
451 2014 620 2095 ἀνάπλεων,
653 2015 703 2076 καί
731 2010 815 2077 οίνον
842 2014 875 2075 ἐν
902 2016 1002 2098 αἰγείῳ
1030 2015 1110 2103 ἀσκῷ

94 2113 233 2195 φέροντες
256 2113 390 2190 σπονδήν
413 2112 518 2191 ἔνεμον
542 2118 603 2184 τοῖς
621 2112 781 2174 ὑπαντῶσι.
813 2111 961 2190 στέφανόν
979 2135 1009 2173 τε
1027 2134 1109 2193 περι-

94 2210 203 2272 έκειντο
228 2210 283 2271 καί,
301 2209 407 2290 κέρατα
430 2208 549 2287 ἐλάφων
571 2208 720 2291 προέκειτο
745 2209 846 2284 αὐτοῖς
869 2209 940 2289 μετὰ
962 2211 1060 2293 χεῖράς
1078 2234 1107 2272 τε

55 2337 79 2378 15
94 2302 173 2387 είχον
191 2306 369 2387 λαγωβόλον.
403 2304 419 2366 δ
438 2304 470 2367 δὲ
488 2306 613 2385 νικήσας
631 2306 774 2388 ἐλάμβανε
793 2318 845 2370 τοῦ
862 2305 1042 2387 ήττηθέντος
1055 2309 1107 2371 τὸν

94 2403 192 2486 ἅρτον.
224 2402 360 2477 κεἰκεῖνος
379 2402 432 2482 μέν
451 2402 498 2464 ἐπὶ
517 2413 568 2484 τής
585 2413 643 2465 τῶν
657 2407 874 2488 Συρακουσίων
888 2406 970 2485 ἔμενε
984 2405 1107 2487 πόλεως,

93 2504 125 2564 οί
141 2500 173 2564 δὲ
191 2500 377 2582 νενικημένοι
396 2503 437 2576 είς
456 2502 507 2575 τὰς
521 2504 701 2583 περιοικίδας
720 2498 928 2586 (περιοικιδίας
943 2499 1020 2587 eod.)
1036 2502 1105 2584 ἐχώ-

92 2624 167 2684 ρουν
186 2599 350 2683 ἀγείροντες
368 2600 484 2674 ἑαυτοῖς
497 2600 549 2674 τὰς
562 2602 683 2681 τροφάς.
712 2597 807 2683 [έδιδο
822 2604 879 2663 del.
893 2604 925 2662 in
939 2597 1017 2683 eod]
1032 2623 1108 2685 παρ-

92 2698 171 2779 εῖχέν
189 2721 217 2760 τε
237 2697 309 2760 έίλλα
327 2721 356 2759 τε
374 2699 496 2772 παιδιᾶς
515 2697 583 2773 ίίξια
601 2698 651 2760 καὶ
670 2700 707 2779 δή
726 2699 777 2761 καί
795 2700 861 2763 τόδε
879 2697 1067 2782 προσέλεγον·

53 2827 79 2866 20
369 2795 450 2870 δέξαι
468 2795 522 2856 τὰν
541 2795 661 2878 ἀγαθὰν
679 2798 783 2878 τύχαν,

369 2893 450 2968 δέξαι
468 2893 522 2955 τδιν
541 2894 670 2976 ὑγίειαν,

368 2990 406 3053 ἂν
425 2991 553 3074 φέρομεν
572 2992 652 3075 παρὰ
669 3002 721 3072 της
741 2999 830 3071 θεοῦ,

368 3088 407 3150 ἂν
426 3087 639 3170 ἐκαλέσ<σ>ατο
658 3091 739 3169 τήνα.

161 3196 205 3258 ὅτι
224 3193 239 3256 δ
258 3194 312 3276 μέν
329 3195 416 3278 δίρτος
434 3196 484 3257 καὶ
503 3194 519 3256 ὁ
538 3190 620 3270 οίνος
635 3195 718 3276 καλή
735 3197 850 3276 σπονδή
865 3203 970 3277 σημεῖα
984 3197 1106 3279 εἰρήνης
1120 3239 1154 3246 -

51 3325 77 3365 26
93 3286 177 3374 ήσαν.
210 3294 258 3356 ἐπὶ
276 3295 379 3379 εἰρήνη
398 3295 466 3376 γάρ,
486 3292 525 3367 ὡς
544 3295 721 3376 ῥηθήσεται,
744 3297 866 3377 εὕρηται
883 3295 919 3356 τὰ
938 3295 1105 3376 βονκολικοί.

92 3393 111 3472 ή
130 3415 159 3453 τε
177 3394 366 3474 πανσπερμία
384 3391 439 3470 τήν
457 3390 516 3453 ἀπὸ
535 3401 587 3471 τῆς
601 3393 722 3473 εἰρήνης
735 3392 868 3454 ἐπίδοσιν
883 3391 914 3453 έν
928 3398 992 3466 ταῖς
1006 3393 1106 3455 πόλεσι

680 3486 1106 3505 4——

164 3537 178 3580 ε
198 3527 259 3597 ἄγα.
278 3534 309 3581 Ρτ
331 3529 387 3596 ἐγκ.
406 3530 471 3581 cett.
553 3539 568 3580 4
586 3527 702 3598 λάβροις.
716 3533 749 3581 r:
768 3530 875 3595 λιαροῑς
894 3531 959 3582 cett.
