2438 3870
471 149 615 206 Praelatio
633 150 659 205 11
1039 147 1079 201 Xl
1147 194 1149 199 .

57 316 109 383 Kb
132 322 320 401 designatum
342 341 377 380 ex
399 321 496 382 alieno
515 320 597 380 fonte
615 319 749 379 hausisse
768 321 832 378 veri
848 322 896 378 est
915 316 1077 376 dissimilli-

62 433 158 487 mum,
182 431 248 471 cum
271 411 345 470 duas
368 413 487 470 tantum
506 409 686 470 scholiorum
703 408 867 484 particulas
887 408 1079 482 adscripserit

61 519 174 578 easque
197 516 305 579 genere
325 500 523 560 Ambrosiano
544 517 637 574 quam
651 499 782 556 maxime
801 497 915 575 dignas.
940 500 1077 557 contrae

60 589 183 650 scholiis
207 589 317 650 codicis
335 594 367 648 Κ
388 591 486 665 prima
507 607 598 646 manu
619 587 738 663 scriptis
755 587 829 646 haec
848 586 982 647 eiciendo
1000 589 1079 662 sunt,

63 681 99 738 ut
121 698 213 758 genus
232 671 465 738 Ambrosianum
489 696 600 752 purum
617 680 801 752 compareat:
831 680 859 735 1.
878 677 994 754 glossae
1012 695 1077 751 per·

62 770 191 842 multae,
215 786 293 844 quae
314 767 347 826 in
370 766 503 826 ordinem
524 766 705 826 scholiorum
723 784 754 824 se
772 766 970 826 insinuarunt.
1003 783 1078 842 quas

62 876 237 916 enumerare
255 858 378 935 longum
393 860 451 931 est3
470 857 672 934 agnoscuntur
685 855 859 932 plerumque
874 874 918 930 eo,
937 855 1017 930 quod
1031 855 1079 914 vel

62 946 257 1006 lemmatibus
276 949 378 1006 carent
396 945 444 1004 vel
462 947 495 1004 in
514 944 581 1003 aliis
600 944 684 1004 libris
703 963 791 1004 suum
809 944 906 1004 locum
925 945 1004 1003 inter
1016 947 1078 1003 tex·

62 1037 115 1094 tris
132 1036 227 1094 lineas
244 1036 441 1094 retinuerunt.
475 1037 504 1093 2.
518 1033 723 1109 veriloquio
743 1033 869 1109 aliquot,
888 1052 964 1108 quae
981 1052 999 1091 a
1014 1052 1079 1110 ger·

65 1124 162 1183 mauis
185 1124 305 1185 scholiis
322 1123 535 1201 'etymologicis
559 1142 593 1182 eo
617 1123 791 1196 abhorrent,
817 1122 898 1198 quod
917 1125 947 1181 et
964 1126 1079 1182 rectum

65 1213 245 1273 scholiorum
266 1213 412 1288 ordinem,
436 1215 471 1271 ut
488 1214 520 1270 in
538 1212 651 1278 tabulis
668 1211 808 1271 subiectis
828 1212 915 1271 facile
935 1213 1078 1288 conspici-

63 1304 124 1376 tur,
142 1302 321 1378 perturbant
338 1305 369 1361 et
386 1303 489 1380 signis,
508 1301 615 1378 quibus
635 1302 765 1378 genuina
784 1301 896 1360 scholia
911 1301 1078 1360 adtentum

64 1391 249 1466 referuntur,
276 1393 384 1450 vacant
409 1393 528 1450 etcum
551 1390 654 1449 lexicis
678 1389 883 1467 etymologicis
906 1392 951 1449 ita
974 1409 1078 1450 conve·

65 1479 164 1554 niunt,
178 1482 212 1538 ut
225 1479 353 1538 alterum
367 1479 403 1539 de
413 1480 507 1538 altero
521 1479 734 1553 transcriptum
747 1497 809 1538 esse
824 1481 928 1557 negari
942 1483 1077 1556 nequeat.

65 1571 137 1628 sunt
154 1587 225 1628 vero
243 1570 329 1628 haec:
347 1569 363 1628 Ι
379 1570 425 1642 11,
444 1571 496 1642 21,
517 1571 566 1634 2ο,
588 1562 714 1647 refrte,
732 1571 805 1643 271,
821 1571 896 1642 441,
912 1571 986 1641 451,
1003 1571 1078 1641 471,

66 1658 147 1732 481,
167 1657 246 1734 481),
267 1660 347 1733 491,
367 1657 442 1732 491),
465 1659 537 1732 511,
558 1657 633 1730 521),
653 1657 729 1732 551),
749 1659 817 1730 551,
838 1660 911 1732 571,
933 1658 1008 1732 581),
1028 1661 1078 1734 59,

68 1747 143 1820 601,
163 1746 237 1821 601),
256 1741 474 1827 6111621631,
493 1747 574 1805 ultra
592 1747 631 1804 id.
650 1746 666 1804 I
683 1765 776 1804 unum
791 1748 819 1804 V
833 1747 908 1805 43d.
938 1765 1013 1822 quae
1033 1748 1080 1806 vir

67 1835 189 1910 quidem
212 1836 316 1894 doctus
339 1855 374 1894 cx
397 1836 596 1913 etymologico
619 1835 713 1894 lexico
737 1838 856 1911 sumpta
880 1838 1007 1912 exempli
1030 1856 1079 1897 co·

68 1922 141 1983 dicis
158 1929 190 1983 K
211 1924 341 2002 margini
365 1925 556 2002 adscripsisse
575 1924 707 1999 videtur,
730 1924 809 1984 unde
829 1925 880 2001 qui
900 1925 1030 1985 codicem
1048 1931 1080 1985 Κ

67 2015 202 2072 exaravit
218 2016 251 2072 in
270 2013 405 2073 ordinem
423 2015 600 2074 scholiorum
620 2032 740 2090 quoquo
759 2014 846 2073 modo
865 2015 984 2089 recepit.
1015 2035 1079 2074 mo-

67 2102 196 2161 nendum
216 2106 262 2162 est
279 2105 341 2162 iam
359 2103 538 2162 Ahrensium
557 2096 599 2183 (p.
613 2094 728 2182 Lxffl)
747 2121 782 2160 ea
801 2102 979 2178 veriloquia,
1003 2124 1078 2179 quae

68 2188 228 2270 Oallierges
252 2192 377 2251 editioni
401 2211 471 2251 suae
492 2192 658 2251 inseruerat
676 2189 706 2270 (1
722 2191 772 2264 lf,
792 2191 871 2266 271,
890 2193 1079 2269 451-491,

69 2279 150 2354 521),
166 2280 194 2337 V
208 2280 276 2340 4311
297 2313 342 2323 -
364 2281 608 2359 praetermiserat
622 2279 713 2339 'enim
742 2299 789 2354 ea,
817 2300 893 2356 quae
919 2281 1078 2342 intervallo

67 2367 180 2426 maiore
203 2388 220 2427 a
242 2373 323 2431 recto
345 2370 412 2430 loco
434 2374 550 2429 remota
573 2372 659 2429 erant
678 2363 750 2450 —-)‚
779 2369 817 2429 ad
836 2370 1079 2449 Etymologicum

67 2475 227 2519 revocasse.
260 2459 506 2538 Etymologicum
527 2479 611 2533 vcro,
634 2479 669 2518 ex
688 2478 746 2535 quo
765 2459 838 2518 haec
858 2461 970 2520 scholia
989 2461 1078 2519 fluxe·

66 2549 150 2620 runt,
176 2566 230 2606 nec
253 2547 423 2608 Genuinum
446 2549 526 2626 quod
549 2550 659 2608 vocant
681 2566 743 2607 esse
767 2566 821 2607 nec
842 2549 999 2625 Magnum,
1026 2550 1078 2609 sed

67 2637 232 2710 exemplum
259 2638 338 2712 quod
366 2637 444 2697 inter
468 2640 627 2713 utrumque
649 2637 782 2696 medium
806 2640 865 2715 est,
892 2638 951 2697 loci
973 2642 1004 2696 in
1028 2640 1078 2699 ad·

67 2726 220 2784 notatione
253 2727 393 2802 exscripti
425 2729 499 2786 satis
531 2726 692 2785 illustrant.
736 2745 804 2785 oum
832 2726 967 2786 Genuino
1000 2730 1079 2787 euim

66 2813 180 2872 scholia
202 2815 219 2874 Ι
239 2814 318 2890 521),
343 2817 422 2890 571,
447 2817 502 2896 59,
527 2815 607 2889 601),
632 2815 698 2874 611)
727 2817 816 2891 atque
843 2817 990 2891 imprimis
1012 2820 1080 2878 451

68 2921 159 2976 quam
178 2902 304 2962 maxime
318 2904 508 2978 conveniunt,
528 2923 595 2962 cum
610 2905 722 2963 scholia
736 2904 814 2978 121,
831 2907 880 2980 21,
896 2906 958 2963 551
970 2906 1079 2984 Magno

67 2990 275 3069 Etymologico
294 2998 413 3052 servata
432 3014 449 3050 a
464 2992 599 3052 Genuino
617 2997 743 3072 utpuunc
758 2993 878 3068 quidem
891 2993 1003 3071 legitur
1018 3015 1078 3055 om·

66 3078 137 3138 nino
157 3080 268 3156 absint,
291 3082 350 3140 alia
369 3083 496 3158 denique
516 3076 545 3163 (Ι
560 3083 636 3157 491),
656 3083 732 3156 581),
752 3075 1023 3164 6116319431)
1044 3105 1079 3144 ex

66 3170 223 3244 utriusque
241 3171 397 3244 particulis
417 3171 581 3246 composita
600 3171 765 3231 videantur.
798 3172 948 3230 interdum
966 3174 1025 3232 loci
1044 3194 1079 3234 ex

66 3257 275 3335 Etymologico
301 3251 528 3335 sumpti'paulo
554 3261 727 3319 commutati
755 3264 833 3329 sunt,
858 3264 893 3318 ut
919 3261 957 3320 ad
976 3276 1080 3323 vocem

68 3345 180 3404 scholio
204 3347 409 3424 explicandam
428 3349 595 3408 accuratius
614 3350 811 3425 pertinerent3
835 3368 1079 3414 commemorasse

67 3433 198 3494 sufficiat
214 3436 302 3495 rebus
315 3437 476 3496 levioribus
489 3439 706 3513 praetermissis
721 3439 736 3495 Ι
750 3438 818 3497 491)
832 3431 963 3518 (glossae
978 3440 1079 3521 rpeiyor

67 3529 175 3600 τρῶγες
188 3532 310 3602 τρῶκται
324 3527 499 3585 coniunctae
505 3529 536 3585 et
553 3526 741 3606 1ᾶτρώξιμος
750 3520 887 3607 relatae),
904 3528 967 3585 55f
973 3520 1080 3608 (verba
