2446 3870
393 160 506 215 Scholia
524 159 549 214 11
565 161 642 231 τιμε
650 161 740 215 d-14
1009 137 1074 225 273

127 329 155 387 d.
179 327 250 387 τὰν
273 326 340 388 καί
363 328 583 399 σκύλακεςι
607 327 655 388 διὰ
678 326 710 388 τὸ
730 328 877 400 σκύλακας
895 326 1159 408 ἕκφίρεσθαιυελε

60 427 165 487 δεῖπνα
190 433 224 508 τή
249 420 368 509 Ἑκάτη.
405 418 621 506 Ἀριστοφάνης
645 425 678 486 ἕν
702 429 878 486 Δαιταλεῦσι
903 420 989 509 (fgm.
1010 429 1073 488 204

61 525 144 583 Koek
166 523 244 584 Gom.
260 528 309 584 att.
323 527 393 599 fem.
408 525 431 581 I
444 517 535 602 4143)·
561 519 587 582 ‘t
618 524 679 598 δαίς
701 524 837 584 κυνίδιον
856 519 989 604 [λευρὸν]
1010 528 1074 585 λευ-

59 621 114 682 κὸν
133 620 223 701 ἐπρίω
242 629 277 704 τῇ
297 626 354 704 θεᾷ
374 620 415 692 είς
435 618 486 691 τὰς
504 617 667 700 τριόδους;’
767 662 768 665 =

34 749 45 788 ι
131 730 181 789 13,
205 725 302 808 ἠρίατ
322 727 353 787 ολ
368 728 457 804 τάφοι
476 736 584 799 κοινῶς
602 727 683 808 παρὰ
701 728 733 789 τὸ
747 727 918 808 ἕνηρεῖσθαι
933 740 967 813 τῇ
982 739 1032 813 γῇ·
1052 727 1182 809 titum

59 824 139 903 παρὰ
157 825 212 904 τήν
230 823 421 904 ἕπιχεομίνην
440 831 501 896 τοῖς
519 831 634 905 νεκροῖς
652 824 733 906 ίραν,
753 825 770 887 δ’
787 825 846 887 ἐστι
863 835 930 907 γῆν.

129 936 178 992 14.
203 933 388 1010 δασπλήτιε
416 921 436 1016 ᾖ
464 931 519 992 οὐκ
547 929 585 991 όίν
608 955 651 1003 τις
674 933 837 993 πελάσειεν·
865 930 885 1011 ἠ
909 934 1013 997 διὰτὸ
1038 933 1076 995 δᾶ

59 1029 225 1091 ἐπιτατικόν
245 1028 455 1090 πολυπίλαστε·
480 1027 500 1108 ἠ
519 1028 584 1089 ἀντί
602 1039 655 1090 τοῦ
674 1029 832 1109 πολεμική,
851 1023 890 1091 ἵν’
912 1029 1036 1111 ἔγκειται
1054 1028 1074 1111 ἠ

60 1129 138 1204 δαίς,
157 1126 304 1188 τουτέστιν
322 1124 342 1205 ἠ
361 1127 450 1207 μάχη·
470 1125 490 1206 ἠ
508 1125 527 1205 ἠ
546 1129 787 1206 προσπελάζουσα
804 1134 868 1202 ταῖς
887 1128 969 1212 δμσί,
992 1149 1076 1190 τουτ-

22 1247 47 1286 ιο
62 1225 120 1287 ἐστι
139 1225 312 1304 φωσφόρος,
330 1223 393 1285 ἐπεὶ
411 1222 429 1302 ἠ
450 1224 524 1302 αότή
543 1224 602 1285 ἐστι
621 1233 656 1309 τῇ
676 1226 804 1309 Σελήνη.

133 1361 221 1414 lech.
242 1361 305 1429 [φο.
326 1366 373 1424 4ο,
394 1366 427 1413 25
447 1361 549 1414 Scheer
572 1360 681 1430 (Sophr.
701 1361 769 1451 igin.
786 1367 801 1414 8
823 1362 921 1416 Keibel
943 1365 1013 1419 Gom.
1034 1380 1075 1434 με.

60 1434 257 1503 sym.11‚155
308 1431 427 1498 Hesych.
444 1431 553 1500 ἄγαλμα
563 1430 691 1501 Ἑκάτης.
725 1436 775 1488 Εκ.
790 1432 835 1501 ty.
886 1433 949 1486 Lex.
961 1434 1075 1490 Bechm.

63 1508 105 1569 10,
121 1508 166 1566 17;
186 1508 260 1568 nm
315 1502 388 1556 Plnt.
399 1504 461 1558 Aet.
472 1503 552 1556 Rom.
563 1508 605 1569 68,
616 1504 694 1557 2801)
767 1515 781 1557 t
800 1504 843 1558 nt.
860 1504 927 1559 Gen.
938 1505 1078 1573 (Reitzen-

62 1574 135 1628 stein
154 1574 217 1628 Ικά.
234 1575 290 1628 lect.
307 1575 381 1629 Rost.
399 1574 524 1645 1892s93,
537 1579 583 1639 25,
604 1576 638 1629 ef.
653 1575 697 1628 Et.
712 1575 749 1628 M.
764 1580 824 1641 4³⁷,
842 1579 897 1645 11):
917 1575 996 1645 ἠρία·
1016 1575 1077 1631 διά·
1116 1591 1120 1598 ·

61 1665 150 1715 φορος
176 1643 258 1706 τόνος
285 1645 426 1714 διάφορον
454 1655 532 1700 ποιεῖ
559 1645 772 1714 σημαινόμενον.
806 1646 856 1702 ἐὰν
880 1647 931 1717 μὲν
951 1666 1078 1716 προπαρ-

62 1715 214 1784 οξυτόνως,
240 1715 368 1785 σημαίνει
392 1716 427 1770 τόι
447 1717 506 1784 ἔρια
525 1715 598 1770 κατὰ
618 1718 741 1777 ἔκτασιν.
761 1717 812 1773 ἐὰν
831 1719 862 1773 δὲ
880 1717 1078 1786 παροξυτόνως

60 1786 136 1858 ἠρία,
156 1786 284 1857 σημαίνει
301 1789 367 1850 τοὺς
385 1789 495 1856 τάφους
511 1788 590 1856 παρὰ
603 1789 654 1858 τήν
671 1789 737 1857 ίραν
751 1789 803 1859 τὴν
818 1799 878 1859 γῆν,
911 1791 942 1844 τὸ
956 1791 1078 1846 παλαιὸν

61 1858 114 1931 γὰρ
127 1860 165 1914 ,ἐν
183 1868 241 1922 τοῖς
259 1862 410 1927 κοιλώμασι
428 1868 477 1929 τῆς
495 1868 545 1928 γῆς
565 1860 691 1915 ἔθαπτον
709 1859 775 1929 μήτε
790 1861 894 1933 σιδήρῳ
908 1861 975 1928 μήτε
989 1867 1080 1935 χαλκῷ

61 1929 233 2001 κεχρημένοι.
267 1928 284 1998 ἠ
303 1930 382 1998 παρὰ
396 1931 446 1984 τὸν
461 1929 539 1996 άίρα,
558 1930 646 2000 ἤγουν
659 1932 709 1985 τόν
724 1931 824 1985 σκότον
839 1933 888 1986 τὸν
902 1932 1078 2001 ἐπικείμενον

61 2010 120 2063 τοῖς
142 2007 285 2056 τεθνεῶσι,
321 2001 470 2068 Θεόκριτος
494 2002 526 2073 <.
542 2043 569 2055 ..
596 2005 707 2069 (poetae
731 2019 840 2055 versum
859 2004 996 2058 excidisse
1015 2021 1078 2072 pro-

62 2073 140 2126 bavit
160 2072 348 2125 Wilemowitz
378 2075 468 2142 Τροίη.
485 2077 541 2127 128
559 2090 586 2125 τι.
603 2075 629 2141 1)
650 2073 727 2143 ...>
759 2072 869 2127 ‘noim
892 2074 1011 2141 δένδρεα
1030 2077 1079 2129 καὶ

62 2142 130 2212 ἠρία
149 2144 335 2211 κεκμηάτων’.
364 2144 413 2196 καλ
427 2139 615 2211 Καλλίμαχος
637 2141 724 2204 ’τίνος
737 2142 819 2212 ἠρίον
834 2143 924 2198 ἵστατε
938 2147 1041 2200 τοῦτο’.

63 2215 106 2268 Et.
123 2213 194 2267 Gnd.
211 2220 275 2280 2483
292 2220 324 2266 52
343 2213 423 2266 Sturz
482 2213 525 2266 Et.
542 2213 586 2266 Or.
604 2219 699 2279 70,24
758 2215 815 2268 ech.
831 2215 852 2267 T
871 2220 965 2269 Ψ126
1020 2217 1078 2272 neh.

63 2284 155 2355 Apoll.
171 2284 261 2338 Rhoe.
276 2285 288 2337 I
305 2290 372 2338 1165
427 2284 547 2352 Hesych.
563 2284 649 2353 Herp.
664 2285 744 2339 Phot.
760 2286 836 2339 Suid.
851 2285 917 2356 ἠρία
1001 2299 1013 2341 t
1034 2288 1077 2342 Et.

64 2357 132 2411 Gen.
149 2356 202 2423 (Et.
218 2356 254 2409 M.
271 2361 336 2423 249,
352 2359 391 2422 6):
416 2357 578 2422 δασπλῆτις·
603 2355 756 2423 ἠΈρινός.
789 2359 965 2429 Καλλίμαχος
982 2360 1080 2429 (καλὸν

64 2428 158 2491 codd„
178 2444 245 2481 conr.
263 2427 414 2480 Schneider
433 2428 500 2496 fgm.
516 2432 581 2493 534,
605 2426 720 2496 Π677)·
746 2429 901 2499 (δασπλήτα
921 2429 1079 2503 Κοροιβός’.

64 2496 192 2566 σημαίνει
216 2499 247 2552 δὲ
273 2495 373 2566 κυρίως
395 2498 445 2551 τὸν
468 2497 743 2565 δυσκροσπίλαστον,
768 2495 859 2573 ᾦοόκ
879 2501 916 2555 ἄν
934 2522 976 2563 τις
993 2520 1079 2568 προσ-

64 2569 178 2623 πελάσοι
202 2569 251 2624 διά
275 2570 323 2624 τὸν
347 2568 446 2638 φόβον.
481 2567 539 2642 (ii)
565 2569 642 2637 παρά
664 2570 696 2624 τὸ
720 2575 758 2626 δᾶ
783 2570 962 2643 <extraneae
981 2575 1029 2628 καλ
1046 2574 1078 2628 τὸ

63 2641 169 2704 κελοίζω
194 2641 258 2694 edd.
274 2641 310 2706 V,
336 2639 353 2709 ἠ
374 2641 425 2709 τήν
445 2639 530 2710 όργήν
550 2641 620 2694 falso
639 2643 713 2713 AB>
738 2644 755 2710 ἠ
780 2644 903 2713 μεγάλως
924 2645 1080 2712 προσπελά-

64 2717 161 2779 ζουσα,
186 2713 203 2781 ἠ
230 2712 303 2781 ἄγαν
329 2713 433 2784 χαλεπή
460 2712 503 2783 [ἐν
527 2712 687 2782 deistunt]
714 2711 756 2777 οἷς
782 2712 817 2770 ἂν
843 2715 1028 2787 προσπελάση.
1061 2714 1079 2785 ἠ

65 2787 216 2853 δασπλῆτις
234 2782 341 2854 λέγεται
360 2783 377 2851 ἡ
393 2780 505 2849 Ἐρινὺς
523 2783 600 2850 παρὰ
620 2781 650 2838 τὸ
666 2784 798 2852 πλήσσειν
811 2788 877 2850 τοὺς
890 2786 1078 2856 ἁμαρτωλούς.

67 2855 216 2922 Θεόκριτος
235 2855 266 2910 δὲ
281 2853 401 2923 Ἑκάτης
420 2856 488 2909 αὐτὸ
508 2851 581 2909 εἶναι
600 2855 732 2910 ἐπίθετον
754 2854 833 2925 λέγει.
889 2857 945 2912 ech.
961 2878 976 2912 ο
991 2864 1044 2911 234

65 2926 158 2995 Apoll.
174 2927 238 2979 Lex.
254 2926 332 2980 Hom.
349 2932 399 2993 56,
414 2931 448 2978 20
463 2926 573 2980 Bekker
648 2927 723 2981 Eunt.
741 2933 823 2994 1780,
838 2935 871 2981 59
945 2929 1001 2984 enh.
1017 2929 1079 2984 Nio.

65 2997 115 3051 Th.
132 3005 183 3051 610

137 3132 151 3172 ο
170 3122 271 3186 λεκρδν
290 3122 572 3190 interpretamentum
587 3123 662 3176 vecie
681 3123 781 3177 λευκὸν
800 3140 859 3177 ειεε
875 3125 972 3179 docuit
985 3126 1081 3180 Stern-

65 3193 138 3247 bech
164 3193 249 3245 Μαι.
266 3192 345 3245 Stud.
365 3194 444 3247 VIII
454 3197 626 3260 1886,257,
655 3211 717 3247 cum
745 3195 825 3264 Toup
851 3213 884 3249 ex
909 3200 990 3266 parte
1015 3214 1079 3251 oon·

65 3265 154 3317 traria
173 3263 272 3317 λευκὸν
291 3262 420 3317 eiecisset
497 3274 510 3316 5
529 3273 630 3326 κοινῶς
648 3281 700 3317 0111.
721 3272 744 3317 K
804 3265 966 3335 ἐνηρεῖσθαι
985 3268 1080 3322 Ρίοοο-

66 3335 120 3389 los:
141 3332 384 3422 Ivneinnt‘codda
409 3333 537 3402 ἐνείρθοιι
555 3335 664 3389 Ahrens
772 3348 787 3389 t
811 3345 862 3407 γῆν
882 3336 899 3407 ἥ
920 3339 994 3394 ἐστιν
1018 3338 1080 3407 ἱερά

66 3410 169 3458 UEAG
242 3417 254 3458 7
276 3406 471 3477 η-τιελάσειεν
490 3413 525 3460 K:
545 3404 843 3474 ἠήν-διαπελάσειεν
858 3414 922 3464 cett.
996 3419 1080 3464 ὓπο-

67 3477 163 3544 λεμική
181 3484 215 3531 K:
237 3477 285 3544 -ἠν
304 3480 368 3531 cett.
476 3487 491 3528 ⁹
510 3475 528 3546 ἠ
548 3481 613 3531 ουλε
632 3477 648 3545 ἠ
668 3496 767 3547 προσπ,
788 3497 841 3534 om.
857 3485 959 3534 unm
1019 3489 1082 3546 ταῖς

67 3547 133 3622 δᾳσί
151 3556 185 3601 K:
205 3548 255 3610 τάς
274 3547 364 3610 δάδας
382 3552 446 3602 cett.
521 3559 549 3600 10
568 3549 734 3618 φωσφορική
752 3559 776 3604 Κ

122 3646 227 3686 Senonu
242 3657 266 3686 m
282 3649 437 3687 Tnoonxnnm
453 3659 496 3686 τοο.
507 3648 626 3687 Wendel
888 3646 919 3695 18
