<?xml version="1.0" encoding="UTF-8"?>
<!DOCTYPE html PUBLIC "-//W3C//DTD XHTML 1.0 Transitional//EN"
    "http://www.w3.org/TR/xhtml1/DTD/xhtml1-transitional.dtd">
<html xmlns="http://www.w3.org/1999/xhtml" xml:lang="en" lang="en">
 <head>
  <title>
</title>
<meta http-equiv="Content-Type" content="text/html;charset=utf-8" />
  <meta name='ocr-system' content='tesseract 3.04.00' />
  <meta name='ocr-capabilities' content='ocr_page ocr_carea ocr_par ocr_line ocrx_word'/>
</head>
<body>
  <div class='ocr_page' id='page_1' title='image "./scholiaintheocr00wendgoog_0032.png"; bbox 0 0 2438 3870; ppageno 0'>
   <div class='ocr_carea' id='block_1_1' title="bbox 158 126 791 186">
    <p class='ocr_par' dir='ltr' id='par_1_1' title="bbox 158 126 791 186">
     <span class='ocr_line' id='line_1_1' title="bbox 158 126 791 186; baseline -0.002 -4"><span class='ocrx_word' id='word_1_1' title='bbox 158 127 274 183; x_wconf 84' lang='lat' dir='ltr'>XXVIII</span> <span class='ocrx_word' id='word_1_2' title='bbox 353 183 354 186; x_wconf 68' lang='grc'><strong><em>,</em></strong></span> <span class='ocrx_word' id='word_1_3' title='bbox 541 127 682 182; x_wconf 82' lang='lat' dir='ltr'><strong>Praefatio</strong></span> <span class='ocrx_word' id='word_1_4' title='bbox 700 127 748 182; x_wconf 89' lang='lat' dir='ltr'><strong>IV.</strong></span> <span class='ocrx_word' id='word_1_5' title='bbox 766 126 791 181; x_wconf 89' lang='lat' dir='ltr'>V</span> 
     </span>
    </p>
   </div>
   <div class='ocr_carea' id='block_1_2' title="bbox 49 294 1215 2867">
    <p class='ocr_par' dir='ltr' id='par_1_2' title="bbox 154 294 1176 462">
     <span class='ocr_line' id='line_1_2' title="bbox 160 294 1176 372; baseline 0 -17"><span class='ocrx_word' id='word_1_6' title='bbox 160 296 346 356; x_wconf 86' lang='lat' dir='ltr'><strong>emendatam</strong></span> <span class='ocrx_word' id='word_1_7' title='bbox 373 297 496 358; x_wconf 76' lang='lat' dir='ltr'><strong>iteravit</strong></span> <span class='ocrx_word' id='word_1_8' title='bbox 520 296 696 356; x_wconf 87' lang='lat' dir='ltr'><strong>Henricus</strong></span> <span class='ocrx_word' id='word_1_9' title='bbox 720 294 925 372; x_wconf 78' lang='lat' dir='ltr'><strong>Stephanus</strong></span> <span class='ocrx_word' id='word_1_10' title='bbox 948 296 1052 356; x_wconf 78' lang='lat' dir='ltr'><strong>Poetae</strong></span> <span class='ocrx_word' id='word_1_11' title='bbox 1073 299 1176 370; x_wconf 73' lang='lat' dir='ltr'><strong>praece⁸</strong></span> 
     </span>
     <span class='ocr_line' id='line_1_3' title="bbox 154 386 732 462; baseline -0.002 -17"><span class='ocrx_word' id='word_1_12' title='bbox 154 389 251 462; x_wconf 80' lang='lat' dir='ltr'><strong>prino.</strong></span> <span class='ocrx_word' id='word_1_13' title='bbox 268 387 375 446; x_wconf 78' lang='lat' dir='ltr'><em>heroici</em></span> <span class='ocrx_word' id='word_1_14' title='bbox 393 386 533 446; x_wconf 76' lang='lat' dir='ltr'><strong><em>carminis</em></strong></span> <span class='ocrx_word' id='word_1_15' title='bbox 548 386 643 455; x_wconf 84' lang='lat'><strong>1566,</strong></span> <span class='ocrx_word' id='word_1_16' title='bbox 659 387 732 444; x_wconf 84' lang='grc'><strong><em>486.</em></strong></span> 
     </span>
    </p>

    <p class='ocr_par' dir='ltr' id='par_1_3' title="bbox 49 473 1215 1176">
     <span class='ocr_line' id='line_1_4' title="bbox 49 473 1173 553; baseline -0.003 -17"><span class='ocrx_word' id='word_1_17' title='bbox 49 486 166 536; x_wconf 67' lang='lat' dir='ltr'><strong>mesina</strong></span> <span class='ocrx_word' id='word_1_18' title='bbox 223 475 307 533; x_wconf 84' lang='lat' dir='ltr'><strong>Idem</strong></span> <span class='ocrx_word' id='word_1_19' title='bbox 330 477 560 536; x_wconf 88' lang='lat' dir='ltr'><strong>commentarius</strong></span> <span class='ocrx_word' id='word_1_20' title='bbox 578 477 610 534; x_wconf 91' lang='lat' dir='ltr'><strong>in</strong></span> <span class='ocrx_word' id='word_1_21' title='bbox 628 475 756 534; x_wconf 84' lang='lat' dir='ltr'><strong>formam</strong></span> <span class='ocrx_word' id='word_1_22' title='bbox 774 473 940 534; x_wconf 89' lang='lat' dir='ltr'><strong>breviorem</strong></span> <span class='ocrx_word' id='word_1_23' title='bbox 958 475 1078 533; x_wconf 85' lang='lat' dir='ltr'><strong>coaetus</strong></span> <span class='ocrx_word' id='word_1_24' title='bbox 1096 473 1173 553; x_wconf 80' lang='lat' dir='ltr'><strong>legi·</strong></span> 
     </span>
     <span class='ocr_line' id='line_1_5' title="bbox 156 555 1215 644; baseline -0.002 -20"><span class='ocrx_word' id='word_1_25' title='bbox 156 567 207 624; x_wconf 90' lang='lat' dir='ltr'><strong>tur</strong></span> <span class='ocrx_word' id='word_1_26' title='bbox 225 567 256 623; x_wconf 92' lang='lat' dir='ltr'><strong>et</strong></span> <span class='ocrx_word' id='word_1_27' title='bbox 273 565 305 623; x_wconf 90' lang='lat' dir='ltr'><strong>in</strong></span> <span class='ocrx_word' id='word_1_28' title='bbox 324 565 423 623; x_wconf 90' lang='lat' dir='ltr'><strong>codice</strong></span> <span class='ocrx_word' id='word_1_29' title='bbox 437 555 697 644; x_wconf 82' lang='lat' dir='ltr'><strong>Tricliniano‚(ed.</strong></span> <span class='ocrx_word' id='word_1_30' title='bbox 712 563 749 622; x_wconf 90' lang='lat' dir='ltr'><strong>H.</strong></span> <span class='ocrx_word' id='word_1_31' title='bbox 765 561 893 635; x_wconf 84' lang='lat' dir='ltr'><strong>Omont</strong></span> <span class='ocrx_word' id='word_1_32' title='bbox 906 563 1006 623; x_wconf 80' lang='lat' dir='ltr'><strong>Roooe</strong></span> <span class='ocrx_word' id='word_1_33' title='bbox 1024 563 1060 622; x_wconf 81' lang='lat' dir='ltr'><strong>de</strong></span> <span class='ocrx_word' id='word_1_34' title='bbox 1067 563 1172 637; x_wconf 81' lang='lat' dir='ltr'><strong>philol.</strong></span> <span class='ocrx_word' id='word_1_35' title='bbox 1211 561 1215 568; x_wconf 75' lang='grc'><em>“</em></span> 
     </span>
     <span class='ocr_line' id='line_1_6' title="bbox 157 647 1174 734; baseline 0 -22"><span class='ocrx_word' id='word_1_36' title='bbox 157 647 426 734; x_wconf 78' lang='lat'><strong>28,1904,192)</strong></span> <span class='ocrx_word' id='word_1_37' title='bbox 451 656 482 712; x_wconf 89' lang='lat' dir='ltr'><strong>et</strong></span> <span class='ocrx_word' id='word_1_38' title='bbox 499 655 531 712; x_wconf 90' lang='lat' dir='ltr'><strong>in</strong></span> <span class='ocrx_word' id='word_1_39' title='bbox 550 653 649 714; x_wconf 88' lang='lat' dir='ltr'><strong>codiee</strong></span> <span class='ocrx_word' id='word_1_40' title='bbox 667 652 869 712; x_wconf 75' lang='lat' dir='ltr'><strong>Laurentiano</strong></span> <span class='ocrx_word' id='word_1_41' title='bbox 888 651 1174 713; x_wconf 84' lang='lat' dir='ltr'><strong>Ashburnhamiano</strong></span> 
     </span>
     <span class='ocr_line' id='line_1_7' title="bbox 160 735 1172 823; baseline 0 -22"><span class='ocrx_word' id='word_1_42' title='bbox 160 744 244 801; x_wconf 79' lang='lat'>1174</span> <span class='ocrx_word' id='word_1_43' title='bbox 264 761 339 804; x_wconf 85' lang='lat' dir='ltr'><strong>saec.</strong></span> <span class='ocrx_word' id='word_1_44' title='bbox 354 743 426 802; x_wconf 88' lang='lat' dir='ltr'><strong>XVI</strong></span> <span class='ocrx_word' id='word_1_45' title='bbox 444 735 503 823; x_wconf 85' lang='lat' dir='ltr'><strong>(ed.</strong></span> <span class='ocrx_word' id='word_1_46' title='bbox 518 743 552 802; x_wconf 84' lang='grc' dir='ltr'><strong>Ε.</strong></span> <span class='ocrx_word' id='word_1_47' title='bbox 567 743 751 820; x_wconf 83' lang='lat' dir='ltr'><strong>Rostagno</strong></span> <span class='ocrx_word' id='word_1_48' title='bbox 770 741 856 801; x_wconf 75' lang='lat' dir='ltr'><strong>senor·</strong></span> <span class='ocrx_word' id='word_1_49' title='bbox 873 743 935 801; x_wconf 83' lang='lat' dir='ltr'><strong>ital.</strong></span> <span class='ocrx_word' id='word_1_50' title='bbox 954 741 986 801; x_wconf 82' lang='lat' dir='ltr'><strong>di</strong></span> <span class='ocrx_word' id='word_1_51' title='bbox 1001 743 1070 814; x_wconf 68' lang='lat' dir='ltr'><strong>filet.</strong></span> <span class='ocrx_word' id='word_1_52' title='bbox 1086 742 1172 802; x_wconf 82' lang='lat' dir='ltr'><strong>cloes.</strong></span> 
     </span>
     <span class='ocr_line' id='line_1_8' title="bbox 160 824 1174 912; baseline -0.002 -20"><span class='ocrx_word' id='word_1_53' title='bbox 160 832 187 901; x_wconf 85' lang='lat'><strong>5,</strong></span> <span class='ocrx_word' id='word_1_54' title='bbox 204 834 299 901; x_wconf 79' lang='grc'><strong><em>1897,</em></strong></span> <span class='ocrx_word' id='word_1_55' title='bbox 313 824 393 912; x_wconf 79' lang='grc'><strong>287)</strong></span> <span class='ocrx_word' id='word_1_56' title='bbox 417 850 471 891; x_wconf 90' lang='lat' dir='ltr'><strong>nee</strong></span> <span class='ocrx_word' id='word_1_57' title='bbox 493 851 553 890; x_wconf 91' lang='lat' dir='ltr'><strong>non</strong></span> <span class='ocrx_word' id='word_1_58' title='bbox 576 834 645 891; x_wconf 90' lang='lat' dir='ltr'><strong>ante</strong></span> <span class='ocrx_word' id='word_1_59' title='bbox 668 831 872 906; x_wconf 87' lang='lat' dir='ltr'><strong>metaphrasin</strong></span> <span class='ocrx_word' id='word_1_60' title='bbox 892 831 1042 908; x_wconf 82' lang='lat' dir='ltr'><strong>integram</strong></span> <span class='ocrx_word' id='word_1_61' title='bbox 1058 830 1090 888; x_wconf 89' lang='lat' dir='ltr'><strong>in</strong></span> <span class='ocrx_word' id='word_1_62' title='bbox 1110 831 1174 890; x_wconf 90' lang='lat' dir='ltr'><strong>edi·</strong></span> 
     </span>
     <span class='ocr_line' id='line_1_9' title="bbox 156 919 1171 996; baseline -0.001 -17"><span class='ocrx_word' id='word_1_63' title='bbox 156 923 239 980; x_wconf 89' lang='lat' dir='ltr'><strong>tione</strong></span> <span class='ocrx_word' id='word_1_64' title='bbox 264 921 423 980; x_wconf 80' lang='lat' dir='ltr'><strong>Ferreana.</strong></span> <span class='ocrx_word' id='word_1_65' title='bbox 463 922 555 980; x_wconf 84' lang='lat' dir='ltr'><strong>etiam</strong></span> <span class='ocrx_word' id='word_1_66' title='bbox 580 921 619 980; x_wconf 89' lang='lat' dir='ltr'><strong>ad</strong></span> <span class='ocrx_word' id='word_1_67' title='bbox 642 921 720 979; x_wconf 90' lang='lat' dir='ltr'><strong>hane</strong></span> <span class='ocrx_word' id='word_1_68' title='bbox 746 921 908 996; x_wconf 83' lang='lat' dir='ltr'><strong>epitomem</strong></span> <span class='ocrx_word' id='word_1_69' title='bbox 932 919 1073 979; x_wconf 91' lang='lat' dir='ltr'><strong>Holoboli</strong></span> <span class='ocrx_word' id='word_1_70' title='bbox 1097 939 1171 979; x_wconf 92' lang='lat' dir='ltr'><strong>non-</strong></span> 
     </span>
     <span class='ocr_line' id='line_1_10' title="bbox 157 1009 1174 1084; baseline -0.001 -16"><span class='ocrx_word' id='word_1_71' title='bbox 157 1010 248 1069; x_wconf 78' lang='lat' dir='ltr'><strong>nullis</strong></span> <span class='ocrx_word' id='word_1_72' title='bbox 266 1011 340 1069; x_wconf 90' lang='lat' dir='ltr'><strong>locis</strong></span> <span class='ocrx_word' id='word_1_73' title='bbox 358 1010 568 1070; x_wconf 88' lang='lat' dir='ltr'><strong>recurrendum</strong></span> <span class='ocrx_word' id='word_1_74' title='bbox 587 1012 659 1084; x_wconf 88' lang='lat' dir='ltr'><strong>erat,</strong></span> <span class='ocrx_word' id='word_1_75' title='bbox 679 1029 746 1069; x_wconf 92' lang='lat' dir='ltr'><strong>cum</strong></span> <span class='ocrx_word' id='word_1_76' title='bbox 764 1028 799 1067; x_wconf 83' lang='lat' dir='ltr'><strong>er</strong></span> <span class='ocrx_word' id='word_1_77' title='bbox 818 1009 951 1084; x_wconf 85' lang='lat' dir='ltr'><strong>exemplo</strong></span> <span class='ocrx_word' id='word_1_78' title='bbox 966 1011 1174 1068; x_wconf 89' lang='lat' dir='ltr'><strong>commentarii</strong></span> 
     </span>
     <span class='ocr_line' id='line_1_11' title="bbox 156 1097 859 1176; baseline -0.003 -18"><span class='ocrx_word' id='word_1_79' title='bbox 156 1098 267 1176; x_wconf 76' lang='lat' dir='ltr'><strong>integri</strong></span> <span class='ocrx_word' id='word_1_80' title='bbox 286 1098 395 1159; x_wconf 86' lang='lat' dir='ltr'><strong>nostris</strong></span> <span class='ocrx_word' id='word_1_81' title='bbox 414 1099 536 1157; x_wconf 89' lang='lat' dir='ltr'><strong>meliore</strong></span> <span class='ocrx_word' id='word_1_82' title='bbox 555 1101 694 1174; x_wconf 87' lang='lat' dir='ltr'><strong>excerpta</strong></span> <span class='ocrx_word' id='word_1_83' title='bbox 712 1097 859 1157; x_wconf 88' lang='lat' dir='ltr'><strong>videatur.</strong></span> 
     </span>
    </p>

    <p class='ocr_par' dir='ltr' id='par_1_4' title="bbox 86 1186 1173 2867">
     <span class='ocr_line' id='line_1_12' title="bbox 86 1186 1173 1265; baseline 0 -19"><span class='ocrx_word' id='word_1_84' title='bbox 86 1200 147 1241; x_wconf 81' lang='lat' dir='ltr'><strong>Ordo</strong></span> <span class='ocrx_word' id='word_1_85' title='bbox 224 1187 268 1246; x_wconf 93' lang='lat' dir='ltr'><strong>De</strong></span> <span class='ocrx_word' id='word_1_86' title='bbox 292 1188 430 1264; x_wconf 90' lang='lat' dir='ltr'><strong>ordine,</strong></span> <span class='ocrx_word' id='word_1_87' title='bbox 457 1207 516 1263; x_wconf 93' lang='lat' dir='ltr'><strong>quo</strong></span> <span class='ocrx_word' id='word_1_88' title='bbox 539 1207 590 1246; x_wconf 85' lang='lat' dir='ltr'><strong>sex</strong></span> <span class='ocrx_word' id='word_1_89' title='bbox 613 1189 746 1246; x_wconf 90' lang='lat' dir='ltr'><strong>carmina</strong></span> <span class='ocrx_word' id='word_1_90' title='bbox 770 1187 899 1265; x_wconf 83' lang='lat' dir='ltr'><strong>figurata</strong></span> <span class='ocrx_word' id='word_1_91' title='bbox 918 1187 949 1244; x_wconf 95' lang='lat' dir='ltr'><strong>in</strong></span> <span class='ocrx_word' id='word_1_92' title='bbox 968 1186 1098 1245; x_wconf 89' lang='lat' dir='ltr'><strong>editione</strong></span> <span class='ocrx_word' id='word_1_93' title='bbox 1116 1186 1173 1246; x_wconf 92' lang='lat' dir='ltr'><strong>illa</strong></span> 
     </span>
     <span class='ocr_line' id='line_1_13' title="bbox 157 1275 1171 1355; baseline 0 -21"><span class='ocrx_word' id='word_1_94' title='bbox 157 1277 309 1336; x_wconf 78' lang='lat' dir='ltr'><strong>Theocriti</strong></span> <span class='ocrx_word' id='word_1_95' title='bbox 331 1278 469 1353; x_wconf 90' lang='lat' dir='ltr'><strong>antiqua,</strong></span> <span class='ocrx_word' id='word_1_96' title='bbox 492 1276 569 1334; x_wconf 91' lang='lat' dir='ltr'><strong>unde</strong></span> <span class='ocrx_word' id='word_1_97' title='bbox 593 1276 677 1335; x_wconf 89' lang='lat' dir='ltr'><strong>etin</strong></span> <span class='ocrx_word' id='word_1_98' title='bbox 696 1276 911 1355; x_wconf 82' lang='lat' dir='ltr'><strong>Anthologiam</strong></span> <span class='ocrx_word' id='word_1_99' title='bbox 934 1277 964 1334; x_wconf 88' lang='lat' dir='ltr'><strong>et</strong></span> <span class='ocrx_word' id='word_1_100' title='bbox 986 1275 1018 1333; x_wconf 89' lang='lat' dir='ltr'><strong>in</strong></span> <span class='ocrx_word' id='word_1_101' title='bbox 1036 1275 1171 1335; x_wconf 87' lang='lat' dir='ltr'><strong>codicum</strong></span> 
     </span>
     <span class='ocr_line' id='line_1_14' title="bbox 158 1365 1173 1442; baseline 0.002 -20"><span class='ocrx_word' id='word_1_102' title='bbox 158 1366 400 1425; x_wconf 85' lang='lat' dir='ltr'><strong>Theocriteorum</strong></span> <span class='ocrx_word' id='word_1_103' title='bbox 419 1367 615 1442; x_wconf 86' lang='lat' dir='ltr'><strong>archetypum</strong></span> <span class='ocrx_word' id='word_1_104' title='bbox 633 1369 807 1438; x_wconf 86' lang='lat' dir='ltr'><strong>manarunt,</strong></span> <span class='ocrx_word' id='word_1_105' title='bbox 829 1384 891 1425; x_wconf 91' lang='lat' dir='ltr'><strong>sese</strong></span> <span class='ocrx_word' id='word_1_106' title='bbox 911 1365 1091 1440; x_wconf 82' lang='lat' dir='ltr'><strong>exceperint,</strong></span> <span class='ocrx_word' id='word_1_107' title='bbox 1110 1384 1173 1424; x_wconf 87' lang='lat' dir='ltr'><strong>non</strong></span> 
     </span>
     <span class='ocr_line' id='line_1_15' title="bbox 157 1453 1170 1532; baseline 0 -19"><span class='ocrx_word' id='word_1_108' title='bbox 157 1457 231 1515; x_wconf 85' lang='lat' dir='ltr'><strong>satis</strong></span> <span class='ocrx_word' id='word_1_109' title='bbox 250 1458 376 1514; x_wconf 88' lang='lat' dir='ltr'><strong>constat.</strong></span> <span class='ocrx_word' id='word_1_110' title='bbox 408 1456 439 1514; x_wconf 89' lang='lat' dir='ltr'><strong>in</strong></span> <span class='ocrx_word' id='word_1_111' title='bbox 454 1455 654 1532; x_wconf 86' lang='lat' dir='ltr'><strong>Anthologiee</strong></span> <span class='ocrx_word' id='word_1_112' title='bbox 672 1455 748 1514; x_wconf 90' lang='lat' dir='ltr'><strong>libro</strong></span> <span class='ocrx_word' id='word_1_113' title='bbox 763 1454 819 1512; x_wconf 85' lang='lat' dir='ltr'><strong>XV</strong></span> <span class='ocrx_word' id='word_1_114' title='bbox 835 1455 883 1514; x_wconf 89' lang='lat' dir='ltr'><strong>hie</strong></span> <span class='ocrx_word' id='word_1_115' title='bbox 898 1457 955 1514; x_wconf 87' lang='lat' dir='ltr'><strong>est:</strong></span> <span class='ocrx_word' id='word_1_116' title='bbox 973 1454 1100 1528; x_wconf 81' lang='lat' dir='ltr'><strong>Fistula,</strong></span> <span class='ocrx_word' id='word_1_117' title='bbox 1120 1453 1170 1513; x_wconf 86' lang='lat' dir='ltr'><strong>Se·</strong></span> 
     </span>
     <span class='ocr_line' id='line_1_16' title="bbox 158 1538 1172 1622; baseline -0.001 -19"><span class='ocrx_word' id='word_1_118' title='bbox 158 1538 249 1620; x_wconf 83' lang='lat' dir='ltr'><strong>euris,</strong></span> <span class='ocrx_word' id='word_1_119' title='bbox 272 1544 361 1622; x_wconf 90' lang='lat' dir='ltr'><strong>Alae,</strong></span> <span class='ocrx_word' id='word_1_120' title='bbox 385 1544 448 1602; x_wconf 88' lang='lat' dir='ltr'><strong>Ara</strong></span> <span class='ocrx_word' id='word_1_121' title='bbox 465 1544 578 1620; x_wconf 90' lang='lat' dir='ltr'><strong>ionica,</strong></span> <span class='ocrx_word' id='word_1_122' title='bbox 600 1543 664 1603; x_wconf 85' lang='lat' dir='ltr'><strong>Ara</strong></span> <span class='ocrx_word' id='word_1_123' title='bbox 682 1543 796 1618; x_wconf 86' lang='lat' dir='ltr'><strong>dorica,</strong></span> <span class='ocrx_word' id='word_1_124' title='bbox 815 1541 920 1603; x_wconf 85' lang='lat' dir='ltr'><strong>Ovum.</strong></span> <span class='ocrx_word' id='word_1_125' title='bbox 953 1543 1055 1602; x_wconf 92' lang='lat' dir='ltr'><strong>sedin</strong></span> <span class='ocrx_word' id='word_1_126' title='bbox 1072 1542 1172 1602; x_wconf 89' lang='lat' dir='ltr'><strong>indice</strong></span> 
     </span>
     <span class='ocr_line' id='line_1_17' title="bbox 157 1632 1173 1711; baseline -0.002 -19"><span class='ocrx_word' id='word_1_127' title='bbox 157 1632 357 1711; x_wconf 82' lang='lat' dir='ltr'><strong>Anthologiae</strong></span> <span class='ocrx_word' id='word_1_128' title='bbox 381 1634 556 1710; x_wconf 88' lang='lat' dir='ltr'><strong>praemisso,</strong></span> <span class='ocrx_word' id='word_1_129' title='bbox 580 1636 775 1710; x_wconf 86' lang='lat' dir='ltr'><strong>quercetum</strong></span> <span class='ocrx_word' id='word_1_130' title='bbox 798 1633 926 1708; x_wconf 81' lang='lat' dir='ltr'><strong>exempli</strong></span> <span class='ocrx_word' id='word_1_131' title='bbox 948 1633 1082 1692; x_wconf 88' lang='lat' dir='ltr'><strong>ordinem</strong></span> <span class='ocrx_word' id='word_1_132' title='bbox 1100 1650 1173 1691; x_wconf 90' lang='lat' dir='ltr'><strong>con·</strong></span> 
     </span>
     <span class='ocr_line' id='line_1_18' title="bbox 157 1714 1173 1799; baseline -0.002 -17"><span class='ocrx_word' id='word_1_133' title='bbox 157 1727 307 1782; x_wconf 86' lang='lat' dir='ltr'><strong>servatum</strong></span> <span class='ocrx_word' id='word_1_134' title='bbox 330 1740 392 1782; x_wconf 90' lang='lat' dir='ltr'><strong>esse</strong></span> <span class='ocrx_word' id='word_1_135' title='bbox 412 1723 530 1799; x_wconf 83' lang='lat' dir='ltr'><strong>Bergk</strong></span> <span class='ocrx_word' id='word_1_136' title='bbox 547 1721 664 1781; x_wconf 76' lang='lat' dir='ltr'><strong>Acthei.</strong></span> <span class='ocrx_word' id='word_1_137' title='bbox 678 1714 748 1796; x_wconf 61' lang='lat' dir='ltr'><strong>lor?</strong></span> <span class='ocrx_word' id='word_1_138' title='bbox 763 1721 863 1791; x_wconf 85' lang='grc'><strong><em>1868,</em></strong></span> <span class='ocrx_word' id='word_1_139' title='bbox 876 1722 971 1781; x_wconf 90' lang='lat' dir='ltr'><strong>LXX</strong></span> <span class='ocrx_word' id='word_1_140' title='bbox 989 1723 1101 1798; x_wconf 91' lang='lat' dir='ltr'><strong>optime</strong></span> <span class='ocrx_word' id='word_1_141' title='bbox 1119 1721 1173 1780; x_wconf 93' lang='lat' dir='ltr'><strong>do-</strong></span> 
     </span>
     <span class='ocr_line' id='line_1_19' title="bbox 157 1808 1170 1891; baseline -0.001 -20"><span class='ocrx_word' id='word_1_142' title='bbox 157 1814 229 1888; x_wconf 86' lang='lat' dir='ltr'><strong>cuit,</strong></span> <span class='ocrx_word' id='word_1_143' title='bbox 242 1812 315 1871; x_wconf 86' lang='lat' dir='ltr'><strong>haec</strong></span> <span class='ocrx_word' id='word_1_144' title='bbox 328 1812 481 1889; x_wconf 83' lang='lat' dir='ltr'><strong>leguntur:</strong></span> <span class='ocrx_word' id='word_1_145' title='bbox 498 1811 610 1891; x_wconf 75' lang='grc' dir='ltr'><strong><em>Σῦριμξ</em></strong></span> <span class='ocrx_word' id='word_1_146' title='bbox 628 1810 785 1890; x_wconf 80' lang='grc' dir='ltr'><strong><em>Θεοκρίτου</em></strong></span> <span class='ocrx_word' id='word_1_147' title='bbox 799 1808 850 1870; x_wconf 81' lang='grc' dir='ltr'><strong>καὶ</strong></span> <span class='ocrx_word' id='word_1_148' title='bbox 864 1808 1012 1891; x_wconf 78' lang='grc' dir='ltr'><strong><em>Πτέρυγες</em></strong></span> <span class='ocrx_word' id='word_1_149' title='bbox 1025 1809 1170 1889; x_wconf 82' lang='grc' dir='ltr'><strong><em>Σιμμίου,</em></strong></span> 
     </span>
     <span class='ocr_line' id='line_1_20' title="bbox 157 1893 1171 1978; baseline 0 -19"><span class='ocrx_word' id='word_1_150' title='bbox 157 1899 291 1961; x_wconf 83' lang='grc' dir='ltr'><strong><em>Δοσιοίδοι</em></strong></span> <span class='ocrx_word' id='word_1_151' title='bbox 304 1899 410 1978; x_wconf 84' lang='grc' dir='ltr'><em>Βωμὸς</em></span> <span class='ocrx_word' id='word_1_152' title='bbox 423 1895 494 1978; x_wconf 78' lang='grc' dir='ltr'><strong>(καί</strong></span> <span class='ocrx_word' id='word_1_153' title='bbox 507 1899 612 1977; x_wconf 84' lang='grc' dir='ltr'><em>Βωμὸς</em></span> <span class='ocrx_word' id='word_1_154' title='bbox 626 1900 722 1976; x_wconf 91' lang='lat' dir='ltr'><strong>suppl.</strong></span> <span class='ocrx_word' id='word_1_155' title='bbox 737 1895 858 1978; x_wconf 84' lang='lat' dir='ltr'><strong>Bergk&gt;</strong></span> <span class='ocrx_word' id='word_1_156' title='bbox 872 1899 1069 1977; x_wconf 79' lang='grc' dir='ltr'><strong><em>Βησοιντίνου,</em></strong></span> <span class='ocrx_word' id='word_1_157' title='bbox 1084 1893 1171 1960; x_wconf 67' lang='lat' dir='ltr'><strong>’moto</strong></span> 
     </span>
     <span class='ocr_line' id='line_1_21' title="bbox 156 1984 1173 2068; baseline -0.001 -19"><span class='ocrx_word' id='word_1_158' title='bbox 156 1986 207 2049; x_wconf 79' lang='grc' dir='ltr'><strong>καί</strong></span> <span class='ocrx_word' id='word_1_159' title='bbox 235 1987 366 2062; x_wconf 79' lang='grc' dir='ltr'><strong><em>Πίλεκυς</em></strong></span> <span class='ocrx_word' id='word_1_160' title='bbox 392 1984 545 2068; x_wconf 79' lang='grc' dir='ltr'><strong><em>(Σιμμίου</em></strong></span> <span class='ocrx_word' id='word_1_161' title='bbox 571 1989 670 2064; x_wconf 91' lang='lat' dir='ltr'><strong>suppl.</strong></span> <span class='ocrx_word' id='word_1_162' title='bbox 693 1984 801 2066; x_wconf 74' lang='lat' dir='ltr'><strong>idem).</strong></span> <span class='ocrx_word' id='word_1_163' title='bbox 838 1991 871 2048; x_wconf 90' lang='lat' dir='ltr'><strong>in</strong></span> <span class='ocrx_word' id='word_1_164' title='bbox 893 1993 925 2048; x_wconf 87' lang='lat' dir='ltr'>K</span> <span class='ocrx_word' id='word_1_165' title='bbox 946 1989 1012 2048; x_wconf 90' lang='lat' dir='ltr'><strong>Alis</strong></span> <span class='ocrx_word' id='word_1_166' title='bbox 1040 1989 1173 2048; x_wconf 86' lang='lat' dir='ltr'><strong>succedit</strong></span> 
     </span>
     <span class='ocr_line' id='line_1_22' title="bbox 158 2077 1172 2156; baseline -0.001 -18"><span class='ocrx_word' id='word_1_167' title='bbox 158 2078 284 2139; x_wconf 83' lang='lat' dir='ltr'><strong>Securis.</strong></span> <span class='ocrx_word' id='word_1_168' title='bbox 317 2079 458 2139; x_wconf 90' lang='lat' dir='ltr'><strong>Holoboli</strong></span> <span class='ocrx_word' id='word_1_169' title='bbox 482 2098 587 2156; x_wconf 91' lang='lat' dir='ltr'><strong>eorpus</strong></span> <span class='ocrx_word' id='word_1_170' title='bbox 610 2078 913 2155; x_wconf 85' lang='lat' dir='ltr'><strong>technopaegniorum</strong></span> <span class='ocrx_word' id='word_1_171' title='bbox 931 2081 1033 2137; x_wconf 89' lang='lat' dir='ltr'><strong>utrum</strong></span> <span class='ocrx_word' id='word_1_172' title='bbox 1052 2077 1089 2136; x_wconf 90' lang='lat' dir='ltr'><strong>ab</strong></span> <span class='ocrx_word' id='word_1_173' title='bbox 1108 2077 1172 2137; x_wconf 89' lang='lat' dir='ltr'><strong>Ara</strong></span> 
     </span>
     <span class='ocr_line' id='line_1_23' title="bbox 157 2168 1170 2245; baseline -0.002 -18"><span class='ocrx_word' id='word_1_174' title='bbox 157 2168 320 2244; x_wconf 87' lang='lat' dir='ltr'><strong>Doeiadae,</strong></span> <span class='ocrx_word' id='word_1_175' title='bbox 339 2170 388 2228; x_wconf 89' lang='lat' dir='ltr'><strong>oui</strong></span> <span class='ocrx_word' id='word_1_176' title='bbox 405 2171 603 2245; x_wconf 88' lang='lat' dir='ltr'><strong>prooemium,</strong></span> <span class='ocrx_word' id='word_1_177' title='bbox 622 2187 659 2228; x_wconf 86' lang='lat' dir='ltr'><strong>an</strong></span> <span class='ocrx_word' id='word_1_178' title='bbox 679 2187 697 2227; x_wconf 85' lang='lat' dir='ltr'><strong>a</strong></span> <span class='ocrx_word' id='word_1_179' title='bbox 712 2168 827 2243; x_wconf 85' lang='lat' dir='ltr'><strong>Securi,</strong></span> <span class='ocrx_word' id='word_1_180' title='bbox 846 2168 894 2228; x_wconf 93' lang='lat' dir='ltr'><strong>cui</strong></span> <span class='ocrx_word' id='word_1_181' title='bbox 912 2169 1067 2245; x_wconf 88' lang='lat' dir='ltr'><strong>inscriptio</strong></span> <span class='ocrx_word' id='word_1_182' title='bbox 1083 2185 1170 2242; x_wconf 87' lang='lat' dir='ltr'><strong>prae·</strong></span> 
     </span>
     <span class='ocr_line' id='line_1_24' title="bbox 156 2256 1171 2335; baseline -0.001 -20"><span class='ocrx_word' id='word_1_183' title='bbox 156 2256 275 2335; x_wconf 80' lang='lat' dir='ltr'><strong>figitur,</strong></span> <span class='ocrx_word' id='word_1_184' title='bbox 301 2257 423 2316; x_wconf 89' lang='lat' dir='ltr'><strong>initium</strong></span> <span class='ocrx_word' id='word_1_185' title='bbox 445 2260 570 2335; x_wconf 88' lang='lat' dir='ltr'><strong>ceperit,</strong></span> <span class='ocrx_word' id='word_1_186' title='bbox 597 2259 629 2317; x_wconf 90' lang='lat' dir='ltr'><strong>in</strong></span> <span class='ocrx_word' id='word_1_187' title='bbox 652 2257 749 2317; x_wconf 90' lang='lat' dir='ltr'><strong>medio</strong></span> <span class='ocrx_word' id='word_1_188' title='bbox 772 2257 999 2333; x_wconf 87' lang='lat' dir='ltr'><strong>relinquendum</strong></span> <span class='ocrx_word' id='word_1_189' title='bbox 1022 2259 1081 2331; x_wconf 83' lang='lat' dir='ltr'><strong>est3</strong></span> <span class='ocrx_word' id='word_1_190' title='bbox 1108 2273 1171 2315; x_wconf 88' lang='lat' dir='ltr'><strong>car-</strong></span> 
     </span>
     <span class='ocr_line' id='line_1_25' title="bbox 157 2346 1172 2424; baseline 0 -20"><span class='ocrx_word' id='word_1_191' title='bbox 157 2347 239 2405; x_wconf 90' lang='lat' dir='ltr'><strong>mina</strong></span> <span class='ocrx_word' id='word_1_192' title='bbox 257 2346 289 2404; x_wconf 92' lang='lat' dir='ltr'><strong>in</strong></span> <span class='ocrx_word' id='word_1_193' title='bbox 307 2346 393 2405; x_wconf 89' lang='lat' dir='ltr'><strong>libris</strong></span> <span class='ocrx_word' id='word_1_194' title='bbox 411 2349 495 2406; x_wconf 85' lang='lat' dir='ltr'><strong>vario</strong></span> <span class='ocrx_word' id='word_1_195' title='bbox 513 2346 601 2405; x_wconf 91' lang='lat' dir='ltr'><strong>modo</strong></span> <span class='ocrx_word' id='word_1_196' title='bbox 621 2348 747 2406; x_wconf 88' lang='lat' dir='ltr'><strong>confusa</strong></span> <span class='ocrx_word' id='word_1_197' title='bbox 764 2348 913 2424; x_wconf 85' lang='lat' dir='ltr'><strong>leguntur.</strong></span> <span class='ocrx_word' id='word_1_198' title='bbox 946 2365 1022 2421; x_wconf 88' lang='lat' dir='ltr'><strong>quac</strong></span> <span class='ocrx_word' id='word_1_199' title='bbox 1040 2365 1107 2404; x_wconf 90' lang='lat' dir='ltr'><strong>cum</strong></span> <span class='ocrx_word' id='word_1_200' title='bbox 1125 2346 1172 2404; x_wconf 91' lang='lat' dir='ltr'><strong>ita</strong></span> 
     </span>
     <span class='ocr_line' id='line_1_26' title="bbox 158 2432 1171 2514; baseline -0.004 -20"><span class='ocrx_word' id='word_1_201' title='bbox 158 2437 232 2510; x_wconf 90' lang='lat' dir='ltr'><strong>sint,</strong></span> <span class='ocrx_word' id='word_1_202' title='bbox 260 2435 474 2514; x_wconf 84' lang='lat' dir='ltr'><strong>Anthologiam</strong></span> <span class='ocrx_word' id='word_1_203' title='bbox 503 2439 621 2495; x_wconf 88' lang='lat' dir='ltr'><strong>secutus</strong></span> <span class='ocrx_word' id='word_1_204' title='bbox 649 2435 785 2495; x_wconf 84' lang='lat' dir='ltr'><strong>Fistulae</strong></span> <span class='ocrx_word' id='word_1_205' title='bbox 810 2434 942 2510; x_wconf 88' lang='lat' dir='ltr'><strong>primum</strong></span> <span class='ocrx_word' id='word_1_206' title='bbox 968 2434 1066 2491; x_wconf 85' lang='lat' dir='ltr'><strong>locum</strong></span> <span class='ocrx_word' id='word_1_207' title='bbox 1094 2432 1171 2509; x_wconf 89' lang='lat' dir='ltr'><strong>dedi,</strong></span> 
     </span>
     <span class='ocr_line' id='line_1_27' title="bbox 157 2521 1172 2600; baseline -0.002 -17"><span class='ocrx_word' id='word_1_208' title='bbox 157 2525 334 2600; x_wconf 87' lang='lat' dir='ltr'><strong>praesertim</strong></span> <span class='ocrx_word' id='word_1_209' title='bbox 357 2544 424 2584; x_wconf 93' lang='lat' dir='ltr'><strong>cum</strong></span> <span class='ocrx_word' id='word_1_210' title='bbox 446 2526 534 2584; x_wconf 88' lang='lat' dir='ltr'><strong>huius</strong></span> <span class='ocrx_word' id='word_1_211' title='bbox 556 2523 693 2584; x_wconf 87' lang='lat' dir='ltr'><strong>carminis</strong></span> <span class='ocrx_word' id='word_1_212' title='bbox 713 2541 803 2582; x_wconf 88' lang='lat' dir='ltr'><strong>eausa</strong></span> <span class='ocrx_word' id='word_1_213' title='bbox 820 2522 1058 2597; x_wconf 86' lang='lat' dir='ltr'><strong>technopaegnia</strong></span> <span class='ocrx_word' id='word_1_214' title='bbox 1076 2521 1172 2582; x_wconf 84' lang='lat' dir='ltr'><strong>Theo-</strong></span> 
     </span>
     <span class='ocr_line' id='line_1_28' title="bbox 158 2610 1171 2674; baseline -0.002 -2"><span class='ocrx_word' id='word_1_215' title='bbox 158 2614 233 2673; x_wconf 88' lang='lat' dir='ltr'><strong>crito</strong></span> <span class='ocrx_word' id='word_1_216' title='bbox 256 2614 327 2672; x_wconf 90' lang='lat' dir='ltr'><strong>olim</strong></span> <span class='ocrx_word' id='word_1_217' title='bbox 351 2613 468 2674; x_wconf 85' lang='lat' dir='ltr'><strong>adiecta</strong></span> <span class='ocrx_word' id='word_1_218' title='bbox 491 2633 553 2674; x_wconf 89' lang='lat' dir='ltr'><strong>esse</strong></span> <span class='ocrx_word' id='word_1_219' title='bbox 576 2615 808 2672; x_wconf 85' lang='lat' dir='ltr'><strong>consentaneum</strong></span> <span class='ocrx_word' id='word_1_220' title='bbox 829 2612 877 2671; x_wconf 90' lang='lat' dir='ltr'><strong>sit.</strong></span> <span class='ocrx_word' id='word_1_221' title='bbox 910 2611 1058 2668; x_wconf 81' lang='lat' dir='ltr'><strong>Fistulam</strong></span> <span class='ocrx_word' id='word_1_222' title='bbox 1075 2610 1107 2668; x_wconf 90' lang='lat' dir='ltr'><strong>in</strong></span> <span class='ocrx_word' id='word_1_223' title='bbox 1125 2612 1171 2670; x_wconf 89' lang='lat' dir='ltr'><strong>in·</strong></span> 
     </span>
     <span class='ocr_line' id='line_1_29' title="bbox 158 2699 1171 2779; baseline -0.002 -19"><span class='ocrx_word' id='word_1_224' title='bbox 158 2702 221 2761; x_wconf 90' lang='lat' dir='ltr'><strong>dice</strong></span> <span class='ocrx_word' id='word_1_225' title='bbox 245 2702 384 2762; x_wconf 85' lang='lat' dir='ltr'><strong>Palatino</strong></span> <span class='ocrx_word' id='word_1_226' title='bbox 408 2702 561 2779; x_wconf 82' lang='lat' dir='ltr'><strong>excipiunt</strong></span> <span class='ocrx_word' id='word_1_227' title='bbox 584 2701 671 2774; x_wconf 88' lang='lat' dir='ltr'><strong>Alae,</strong></span> <span class='ocrx_word' id='word_1_228' title='bbox 694 2700 767 2759; x_wconf 87' lang='lat' dir='ltr'><strong>Ales</strong></span> <span class='ocrx_word' id='word_1_229' title='bbox 790 2701 822 2758; x_wconf 93' lang='lat' dir='ltr'><strong>in</strong></span> <span class='ocrx_word' id='word_1_230' title='bbox 840 2705 872 2758; x_wconf 86' lang='lat' dir='ltr'><strong>K</strong></span> <span class='ocrx_word' id='word_1_231' title='bbox 891 2699 1015 2759; x_wconf 83' lang='lat' dir='ltr'><strong>Securis.</strong></span> <span class='ocrx_word' id='word_1_232' title='bbox 1047 2700 1171 2777; x_wconf 85' lang='lat' dir='ltr'><strong>tertium</strong></span> 
     </span>
     <span class='ocr_line' id='line_1_30' title="bbox 159 2789 1172 2867; baseline -0.001 -18"><span class='ocrx_word' id='word_1_233' title='bbox 159 2790 269 2850; x_wconf 80' lang='lat' dir='ltr'><strong>Simiae</strong></span> <span class='ocrx_word' id='word_1_234' title='bbox 293 2810 410 2851; x_wconf 91' lang='lat' dir='ltr'><strong>carmen</strong></span> <span class='ocrx_word' id='word_1_235' title='bbox 433 2811 501 2850; x_wconf 89' lang='lat' dir='ltr'><strong>eum</strong></span> <span class='ocrx_word' id='word_1_236' title='bbox 520 2791 622 2850; x_wconf 83' lang='lat' dir='ltr'><strong>Securi</strong></span> <span class='ocrx_word' id='word_1_237' title='bbox 640 2791 833 2867; x_wconf 82' lang='lat' dir='ltr'><strong>coniungitur</strong></span> <span class='ocrx_word' id='word_1_238' title='bbox 851 2790 883 2847; x_wconf 90' lang='lat' dir='ltr'><strong>in</strong></span> <span class='ocrx_word' id='word_1_239' title='bbox 901 2789 1012 2863; x_wconf 88' lang='lat' dir='ltr'><strong>indice,</strong></span> <span class='ocrx_word' id='word_1_240' title='bbox 1035 2789 1172 2865; x_wconf 86' lang='lat' dir='ltr'><strong>sequitur</strong></span> 
     </span>
    </p>
   </div>
   <div class='ocr_carea' id='block_1_3' title="bbox 157 2870 1171 3224">
    <p class='ocr_par' dir='ltr' id='par_1_5' title="bbox 157 2870 1171 3224">
     <span class='ocr_line' id='line_1_31' title="bbox 159 2870 1171 2960; baseline -0.001 -21"><span class='ocrx_word' id='word_1_241' title='bbox 159 2880 292 2940; x_wconf 82' lang='lat' dir='ltr'><strong>Securim</strong></span> <span class='ocrx_word' id='word_1_242' title='bbox 312 2882 345 2938; x_wconf 90' lang='lat' dir='ltr'><strong>in</strong></span> <span class='ocrx_word' id='word_1_243' title='bbox 364 2880 463 2940; x_wconf 89' lang='lat' dir='ltr'><strong>codice</strong></span> <span class='ocrx_word' id='word_1_244' title='bbox 484 2878 679 2938; x_wconf 88' lang='lat' dir='ltr'><strong>Ambrosiano</strong></span> <span class='ocrx_word' id='word_1_245' title='bbox 700 2881 763 2939; x_wconf 85' lang='lat'><strong>104</strong></span> <span class='ocrx_word' id='word_1_246' title='bbox 782 2871 823 2959; x_wconf 80' lang='lat' dir='ltr'><strong>(B</strong></span> <span class='ocrx_word' id='word_1_247' title='bbox 840 2880 880 2937; x_wconf 82' lang='lat'><strong>75</strong></span> <span class='ocrx_word' id='word_1_248' title='bbox 896 2870 983 2960; x_wconf 79' lang='lat' dir='ltr'><strong>sup).</strong></span> <span class='ocrx_word' id='word_1_249' title='bbox 1016 2879 1171 2938; x_wconf 88' lang='lat' dir='ltr'><strong>Besantini</strong></span> 
     </span>
     <span class='ocr_line' id='line_1_32' title="bbox 157 2968 1171 3044; baseline -0.005 -14"><span class='ocrx_word' id='word_1_250' title='bbox 157 2969 221 3030; x_wconf 87' lang='lat' dir='ltr'><strong>Ara</strong></span> <span class='ocrx_word' id='word_1_251' title='bbox 234 2971 267 3028; x_wconf 91' lang='lat' dir='ltr'><strong>in</strong></span> <span class='ocrx_word' id='word_1_252' title='bbox 281 2969 377 3028; x_wconf 90' lang='lat' dir='ltr'><strong>indice</strong></span> <span class='ocrx_word' id='word_1_253' title='bbox 390 2969 553 3029; x_wconf 85' lang='lat' dir='ltr'><strong>rectissime</strong></span> <span class='ocrx_word' id='word_1_254' title='bbox 568 2968 759 3044; x_wconf 88' lang='lat' dir='ltr'><strong>subsequitur</strong></span> <span class='ocrx_word' id='word_1_255' title='bbox 772 2968 865 3027; x_wconf 87' lang='lat' dir='ltr'><strong>Aram</strong></span> <span class='ocrx_word' id='word_1_256' title='bbox 874 2968 1032 3028; x_wconf 87' lang='lat' dir='ltr'><strong>Dosiadae.</strong></span> <span class='ocrx_word' id='word_1_257' title='bbox 1050 2968 1171 3027; x_wconf 88' lang='lat' dir='ltr'><strong>restitui</strong></span> 
     </span>
     <span class='ocr_line' id='line_1_33' title="bbox 158 3055 1171 3137; baseline 0 -21"><span class='ocrx_word' id='word_1_258' title='bbox 158 3058 252 3137; x_wconf 82' lang='lat' dir='ltr'><strong>igitur</strong></span> <span class='ocrx_word' id='word_1_259' title='bbox 270 3059 348 3118; x_wconf 91' lang='lat' dir='ltr'><strong>hunc</strong></span> <span class='ocrx_word' id='word_1_260' title='bbox 366 3058 669 3135; x_wconf 84' lang='lat' dir='ltr'><strong>technopaegniorum</strong></span> <span class='ocrx_word' id='word_1_261' title='bbox 687 3057 834 3116; x_wconf 86' lang='lat' dir='ltr'><strong>ordinem:</strong></span> <span class='ocrx_word' id='word_1_262' title='bbox 859 3057 987 3134; x_wconf 81' lang='lat' dir='ltr'><strong>Fistula,</strong></span> <span class='ocrx_word' id='word_1_263' title='bbox 1010 3057 1100 3131; x_wconf 81' lang='lat' dir='ltr'><strong>Alae,</strong></span> <span class='ocrx_word' id='word_1_264' title='bbox 1119 3055 1171 3116; x_wconf 83' lang='lat' dir='ltr'><strong>Se·</strong></span> 
     </span>
     <span class='ocr_line' id='line_1_34' title="bbox 158 3145 787 3224; baseline 0 -18"><span class='ocrx_word' id='word_1_265' title='bbox 158 3149 246 3222; x_wconf 87' lang='lat' dir='ltr'><strong>curis,</strong></span> <span class='ocrx_word' id='word_1_266' title='bbox 266 3145 372 3224; x_wconf 86' lang='lat' dir='ltr'><strong>Ovum,</strong></span> <span class='ocrx_word' id='word_1_267' title='bbox 391 3147 454 3206; x_wconf 89' lang='lat' dir='ltr'><strong>Ara</strong></span> <span class='ocrx_word' id='word_1_268' title='bbox 472 3147 580 3222; x_wconf 84' lang='lat' dir='ltr'><strong>dorice,</strong></span> <span class='ocrx_word' id='word_1_269' title='bbox 599 3146 663 3206; x_wconf 90' lang='lat' dir='ltr'><strong>Ara</strong></span> <span class='ocrx_word' id='word_1_270' title='bbox 680 3147 787 3206; x_wconf 86' lang='lat' dir='ltr'><strong>ionica.</strong></span> 
     </span>
    </p>
   </div>
   <div class='ocr_carea' id='block_1_4' title="bbox 645 3306 681 3364">
    <p class='ocr_par' dir='ltr' id='par_1_6' title="bbox 645 3306 681 3364">
     <span class='ocr_line' id='line_1_35' title="bbox 645 3306 681 3364; baseline 0 0"><span class='ocrx_word' id='word_1_271' title='bbox 645 3306 681 3364; x_wconf 87' lang='lat' dir='ltr'><strong>V.</strong></span> 
     </span>
    </p>
   </div>
   <div class='ocr_carea' id='block_1_5' title="bbox 50 3405 1170 3501">
    <p class='ocr_par' dir='ltr' id='par_1_7' title="bbox 50 3405 1170 3501">
     <span class='ocr_line' id='line_1_36' title="bbox 50 3405 1170 3501; baseline 0.004 -33"><span class='ocrx_word' id='word_1_272' title='bbox 50 3405 166 3501; x_wconf 57' lang='lat' dir='ltr'><strong>fflffi}</strong></span> <span class='ocrx_word' id='word_1_273' title='bbox 222 3413 288 3473; x_wconf 89' lang='lat' dir='ltr'><strong>Iam</strong></span> <span class='ocrx_word' id='word_1_274' title='bbox 313 3413 396 3474; x_wconf 89' lang='lat' dir='ltr'><strong>brevi</strong></span> <span class='ocrx_word' id='word_1_275' title='bbox 421 3414 625 3490; x_wconf 86' lang='lat' dir='ltr'><strong>exponendum</strong></span> <span class='ocrx_word' id='word_1_276' title='bbox 650 3414 782 3488; x_wconf 82' lang='lat' dir='ltr'><strong>videtur,</strong></span> <span class='ocrx_word' id='word_1_277' title='bbox 810 3413 957 3490; x_wconf 90' lang='lat' dir='ltr'><strong>quomodo</strong></span> <span class='ocrx_word' id='word_1_278' title='bbox 983 3413 1056 3472; x_wconf 88' lang='lat' dir='ltr'><strong>haec</strong></span> <span class='ocrx_word' id='word_1_279' title='bbox 1078 3412 1170 3473; x_wconf 89' lang='lat' dir='ltr'><strong>editio</strong></span> 
     </span>
    </p>
   </div>
   <div class='ocr_carea' id='block_1_6' title="bbox 169 3501 1171 3581">
    <p class='ocr_par' dir='ltr' id='par_1_8' title="bbox 169 3501 1171 3581">
     <span class='ocr_line' id='line_1_37' title="bbox 169 3501 1171 3581; baseline 0.001 -19"><span class='ocrx_word' id='word_1_280' title='bbox 169 3505 345 3563; x_wconf 89' lang='lat' dir='ltr'><strong>instituta</strong></span> <span class='ocrx_word' id='word_1_281' title='bbox 364 3506 411 3564; x_wconf 88' lang='lat' dir='ltr'><strong>sit.</strong></span> <span class='ocrx_word' id='word_1_282' title='bbox 440 3506 471 3564; x_wconf 91' lang='lat' dir='ltr'><strong>et</strong></span> <span class='ocrx_word' id='word_1_283' title='bbox 488 3504 627 3564; x_wconf 90' lang='lat' dir='ltr'><strong>scholia</strong></span> <span class='ocrx_word' id='word_1_284' title='bbox 647 3502 774 3581; x_wconf 88' lang='lat' dir='ltr'><strong>quidem,</strong></span> <span class='ocrx_word' id='word_1_285' title='bbox 793 3521 869 3580; x_wconf 86' lang='lat' dir='ltr'><strong>quae</strong></span> <span class='ocrx_word' id='word_1_286' title='bbox 888 3505 920 3562; x_wconf 90' lang='lat' dir='ltr'><strong>in</strong></span> <span class='ocrx_word' id='word_1_287' title='bbox 938 3505 1005 3562; x_wconf 90' lang='lat' dir='ltr'><strong>octo</strong></span> <span class='ocrx_word' id='word_1_288' title='bbox 1020 3501 1171 3563; x_wconf 78' lang='lat' dir='ltr'><strong>codicibus</strong></span> 
     </span>
    </p>
   </div>
   <div class='ocr_carea' id='block_1_7' title="bbox 0 0 1224 3870">
    <p class='ocr_par' dir='ltr' id='par_1_9' title="bbox 0 0 1224 3870">
     <span class='ocr_line' id='line_1_38' title="bbox 0 0 1224 3870; baseline 0 0"><span class='ocrx_word' id='word_1_289' title='bbox 0 0 1224 3870; x_wconf 95' lang='lat' dir='ltr'><strong> </strong></span> 
     </span>
    </p>
   </div>
  </div>
 </body>
</html>
