<?xml version="1.0" encoding="UTF-8"?>
<!DOCTYPE html PUBLIC "-//W3C//DTD XHTML 1.0 Transitional//EN"
    "http://www.w3.org/TR/xhtml1/DTD/xhtml1-transitional.dtd">
<html xmlns="http://www.w3.org/1999/xhtml" xml:lang="en" lang="en">
 <head>
  <title>
</title>
<meta http-equiv="Content-Type" content="text/html;charset=utf-8" />
  <meta name='ocr-system' content='tesseract 3.04.00' />
  <meta name='ocr-capabilities' content='ocr_page ocr_carea ocr_par ocr_line ocrx_word'/>
</head>
<body>
  <div class='ocr_page' id='page_1' title='image "./scholiaintheocr00wendgoog_0037.png"; bbox 0 0 2438 3870; ppageno 0'>
   <div class='ocr_carea' id='block_1_1' title="bbox 469 137 1076 195">
    <p class='ocr_par' dir='ltr' id='par_1_1' title="bbox 469 137 1076 195">
     <span class='ocr_line' id='line_1_1' title="bbox 469 137 1076 195; baseline -0.002 -1"><span class='ocrx_word' id='word_1_1' title='bbox 469 140 609 195; x_wconf 85' lang='lat' dir='ltr'><strong>Praefatio</strong></span> <span class='ocrx_word' id='word_1_2' title='bbox 628 139 654 192; x_wconf 91' lang='lat' dir='ltr'><strong>V</strong></span> <span class='ocrx_word' id='word_1_3' title='bbox 960 137 1076 193; x_wconf 85' lang='lat' dir='ltr'>XXXIII</span> 
     </span>
    </p>
   </div>
   <div class='ocr_carea' id='block_1_2' title="bbox 58 307 1078 832">
    <p class='ocr_par' dir='ltr' id='par_1_2' title="bbox 58 307 1078 832">
     <span class='ocr_line' id='line_1_2' title="bbox 127 307 1077 386; baseline -0.008 -13"><span class='ocrx_word' id='word_1_4' title='bbox 127 311 266 373; x_wconf 80' lang='lat' dir='ltr'><strong>Ceterum</strong></span> <span class='ocrx_word' id='word_1_5' title='bbox 283 311 328 370; x_wconf 91' lang='lat' dir='ltr'><strong>ita</strong></span> <span class='ocrx_word' id='word_1_6' title='bbox 348 311 528 386; x_wconf 86' lang='lat' dir='ltr'><strong>apparatum</strong></span> <span class='ocrx_word' id='word_1_7' title='bbox 546 309 681 385; x_wconf 88' lang='lat' dir='ltr'><strong>institui,</strong></span> <span class='ocrx_word' id='word_1_8' title='bbox 699 311 734 367; x_wconf 90' lang='lat' dir='ltr'><strong>ut</strong></span> <span class='ocrx_word' id='word_1_9' title='bbox 752 307 789 366; x_wconf 87' lang='lat' dir='ltr'><strong>de</strong></span> <span class='ocrx_word' id='word_1_10' title='bbox 808 307 944 380; x_wconf 85' lang='lat' dir='ltr'><strong>familiis,</strong></span> <span class='ocrx_word' id='word_1_11' title='bbox 963 325 1022 365; x_wconf 93' lang='lat' dir='ltr'><strong>non</strong></span> <span class='ocrx_word' id='word_1_12' title='bbox 1040 307 1077 365; x_wconf 91' lang='lat' dir='ltr'><strong>de</strong></span> 
     </span>
     <span class='ocr_line' id='line_1_3' title="bbox 59 396 1077 481; baseline -0.007 -19"><span class='ocrx_word' id='word_1_13' title='bbox 59 403 187 481; x_wconf 87' lang='lat' dir='ltr'><strong>siugulis</strong></span> <span class='ocrx_word' id='word_1_14' title='bbox 212 400 298 460; x_wconf 91' lang='lat' dir='ltr'><strong>libris</strong></span> <span class='ocrx_word' id='word_1_15' title='bbox 317 400 391 459; x_wconf 87' lang='lat' dir='ltr'><strong>eatis</strong></span> <span class='ocrx_word' id='word_1_16' title='bbox 411 400 568 459; x_wconf 89' lang='lat' dir='ltr'><strong>constaret.</strong></span> <span class='ocrx_word' id='word_1_17' title='bbox 602 416 661 473; x_wconf 91' lang='lat' dir='ltr'><strong>quo</strong></span> <span class='ocrx_word' id='word_1_18' title='bbox 680 398 794 456; x_wconf 89' lang='lat' dir='ltr'><strong>factum</strong></span> <span class='ocrx_word' id='word_1_19' title='bbox 813 400 871 467; x_wconf 89' lang='lat' dir='ltr'><strong>est,</strong></span> <span class='ocrx_word' id='word_1_20' title='bbox 894 398 929 454; x_wconf 93' lang='lat' dir='ltr'><strong>ut</strong></span> <span class='ocrx_word' id='word_1_21' title='bbox 947 396 1077 455; x_wconf 78' lang='lat' dir='ltr'><strong>codicem</strong></span> 
     </span>
     <span class='ocr_line' id='line_1_4' title="bbox 58 485 1077 567; baseline -0.008 -17"><span class='ocrx_word' id='word_1_22' title='bbox 58 496 104 566; x_wconf 83' lang='lat' dir='ltr'><strong>K,</strong></span> <span class='ocrx_word' id='word_1_23' title='bbox 136 509 196 566; x_wconf 92' lang='lat' dir='ltr'><strong>quo</strong></span> <span class='ocrx_word' id='word_1_24' title='bbox 223 508 283 549; x_wconf 93' lang='lat' dir='ltr'><strong>uno</strong></span> <span class='ocrx_word' id='word_1_25' title='bbox 315 506 426 567; x_wconf 83' lang='lat' dir='ltr'><strong>genus</strong></span> <span class='ocrx_word' id='word_1_26' title='bbox 454 487 731 547; x_wconf 83' lang='lat' dir='ltr'><strong>Ambrosianum</strong></span> <span class='ocrx_word' id='word_1_27' title='bbox 759 485 963 557; x_wconf 86' lang='lat' dir='ltr'><strong>contineatur,</strong></span> <span class='ocrx_word' id='word_1_28' title='bbox 989 485 1077 543; x_wconf 88' lang='lat' dir='ltr'><strong>rebus</strong></span> 
     </span>
     <span class='ocr_line' id='line_1_5' title="bbox 60 573 1078 657; baseline -0.007 -18"><span class='ocrx_word' id='word_1_29' title='bbox 60 579 240 657; x_wconf 85' lang='lat' dir='ltr'><strong>quibusdam</strong></span> <span class='ocrx_word' id='word_1_30' title='bbox 257 578 466 638; x_wconf 74' lang='lat' dir='ltr'><strong>minutissimis</strong></span> <span class='ocrx_word' id='word_1_31' title='bbox 485 576 615 652; x_wconf 82' lang='lat' dir='ltr'><strong>exceptis</strong></span> <span class='ocrx_word' id='word_1_32' title='bbox 629 580 694 635; x_wconf 90' lang='lat' dir='ltr'><strong>tam</strong></span> <span class='ocrx_word' id='word_1_33' title='bbox 709 577 848 634; x_wconf 91' lang='lat' dir='ltr'><strong>accurate</strong></span> <span class='ocrx_word' id='word_1_34' title='bbox 863 573 1078 651; x_wconf 85' lang='lat' dir='ltr'><strong>descripserim,</strong></span> 
     </span>
     <span class='ocr_line' id='line_1_6' title="bbox 60 663 1077 746; baseline -0.008 -18"><span class='ocrx_word' id='word_1_35' title='bbox 60 672 95 728; x_wconf 90' lang='lat' dir='ltr'><strong>ut</strong></span> <span class='ocrx_word' id='word_1_36' title='bbox 119 668 192 746; x_wconf 88' lang='lat' dir='ltr'><strong>quid</strong></span> <span class='ocrx_word' id='word_1_37' title='bbox 216 670 250 726; x_wconf 93' lang='lat' dir='ltr'><strong>in</strong></span> <span class='ocrx_word' id='word_1_38' title='bbox 273 669 329 726; x_wconf 90' lang='lat' dir='ltr'><strong>hoc</strong></span> <span class='ocrx_word' id='word_1_39' title='bbox 354 668 475 744; x_wconf 89' lang='lat' dir='ltr'><strong>legatur</strong></span> <span class='ocrx_word' id='word_1_40' title='bbox 500 665 612 742; x_wconf 88' lang='lat' dir='ltr'><strong>ubique</strong></span> <span class='ocrx_word' id='word_1_41' title='bbox 639 685 654 721; x_wconf 91' lang='lat' dir='ltr'><strong>e</strong></span> <span class='ocrx_word' id='word_1_42' title='bbox 680 663 800 723; x_wconf 91' lang='lat' dir='ltr'><strong>silentio</strong></span> <span class='ocrx_word' id='word_1_43' title='bbox 819 665 915 741; x_wconf 91' lang='lat' dir='ltr'><strong>possit</strong></span> <span class='ocrx_word' id='word_1_44' title='bbox 933 663 1077 723; x_wconf 91' lang='lat' dir='ltr'><strong>concludi.</strong></span> 
     </span>
     <span class='ocr_line' id='line_1_7' title="bbox 59 753 1078 832; baseline -0.008 -14"><span class='ocrx_word' id='word_1_45' title='bbox 59 760 134 818; x_wconf 89' lang='lat' dir='ltr'><strong>item</strong></span> <span class='ocrx_word' id='word_1_46' title='bbox 150 757 292 818; x_wconf 73' lang='lat' dir='ltr'><strong>videlicet</strong></span> <span class='ocrx_word' id='word_1_47' title='bbox 309 755 345 815; x_wconf 92' lang='lat' dir='ltr'><strong>de</strong></span> <span class='ocrx_word' id='word_1_48' title='bbox 359 757 419 814; x_wconf 87' lang='lat' dir='ltr'><strong>alio</strong></span> <span class='ocrx_word' id='word_1_49' title='bbox 435 757 540 832; x_wconf 86' lang='lat' dir='ltr'><strong>quovis</strong></span> <span class='ocrx_word' id='word_1_50' title='bbox 555 754 655 814; x_wconf 88' lang='lat' dir='ltr'><strong>codice</strong></span> <span class='ocrx_word' id='word_1_51' title='bbox 669 753 782 828; x_wconf 90' lang='lat' dir='ltr'><strong>rettuli,</strong></span> <span class='ocrx_word' id='word_1_52' title='bbox 798 754 823 812; x_wconf 88' lang='lat' dir='ltr'><strong>si</strong></span> <span class='ocrx_word' id='word_1_53' title='bbox 838 753 918 829; x_wconf 90' lang='lat' dir='ltr'><strong>quod</strong></span> <span class='ocrx_word' id='word_1_54' title='bbox 932 753 1078 812; x_wconf 86' lang='lat' dir='ltr'><strong>aoholimn</strong></span> 
     </span>
    </p>
   </div>
   <div class='ocr_carea' id='block_1_3' title="bbox 59 842 1079 1366">
    <p class='ocr_par' dir='ltr' id='par_1_3' title="bbox 59 842 1079 1366">
     <span class='ocr_line' id='line_1_8' title="bbox 61 842 1078 920; baseline -0.007 -15"><span class='ocrx_word' id='word_1_55' title='bbox 61 847 179 907; x_wconf 81' lang='lat' dir='ltr'><strong>aceolo</strong></span> <span class='ocrx_word' id='word_1_56' title='bbox 200 847 316 904; x_wconf 86' lang='lat' dir='ltr'><strong>nititur.</strong></span> <span class='ocrx_word' id='word_1_57' title='bbox 349 864 416 904; x_wconf 91' lang='lat' dir='ltr'><strong>cum</strong></span> <span class='ocrx_word' id='word_1_58' title='bbox 436 863 504 904; x_wconf 86' lang='lat' dir='ltr'><strong>vero</strong></span> <span class='ocrx_word' id='word_1_59' title='bbox 524 847 555 902; x_wconf 91' lang='lat' dir='ltr'><strong>et</strong></span> <span class='ocrx_word' id='word_1_60' title='bbox 573 843 791 902; x_wconf 77' lang='lat' dir='ltr'><strong>Vaticanum</strong></span> <span class='ocrx_word' id='word_1_61' title='bbox 810 860 920 920; x_wconf 84' lang='lat' dir='ltr'><strong>genus</strong></span> <span class='ocrx_word' id='word_1_62' title='bbox 939 845 970 900; x_wconf 88' lang='lat' dir='ltr'><strong>et</strong></span> <span class='ocrx_word' id='word_1_63' title='bbox 987 842 1078 900; x_wconf 88' lang='lat' dir='ltr'><strong>Lau-</strong></span> 
     </span>
     <span class='ocr_line' id='line_1_9' title="bbox 59 930 1078 1009; baseline -0.006 -15"><span class='ocrx_word' id='word_1_64' title='bbox 59 938 265 994; x_wconf 87' lang='lat' dir='ltr'><strong>rentianum</strong></span> <span class='ocrx_word' id='word_1_65' title='bbox 284 933 485 1009; x_wconf 87' lang='lat' dir='ltr'><strong>compluribus</strong></span> <span class='ocrx_word' id='word_1_66' title='bbox 503 933 589 992; x_wconf 87' lang='lat' dir='ltr'><strong>libris</strong></span> <span class='ocrx_word' id='word_1_67' title='bbox 609 934 756 991; x_wconf 80' lang='lat' dir='ltr'><strong>contineri</strong></span> <span class='ocrx_word' id='word_1_68' title='bbox 774 933 899 1006; x_wconf 85' lang='lat' dir='ltr'><strong>soleant,</strong></span> <span class='ocrx_word' id='word_1_69' title='bbox 917 930 970 989; x_wconf 92' lang='lat' dir='ltr'><strong>ubi</strong></span> <span class='ocrx_word' id='word_1_70' title='bbox 985 931 1020 988; x_wconf 87' lang='lat' dir='ltr'><strong>de</strong></span> <span class='ocrx_word' id='word_1_71' title='bbox 1035 931 1078 988; x_wconf 85' lang='lat' dir='ltr'><strong>fa-</strong></span> 
     </span>
     <span class='ocr_line' id='line_1_10' title="bbox 60 1020 1079 1100; baseline -0.008 -16"><span class='ocrx_word' id='word_1_72' title='bbox 60 1027 163 1084; x_wconf 83' lang='lat' dir='ltr'><strong>miliae</strong></span> <span class='ocrx_word' id='word_1_73' title='bbox 179 1024 341 1100; x_wconf 85' lang='lat' dir='ltr'><strong>archetypo</strong></span> <span class='ocrx_word' id='word_1_74' title='bbox 360 1021 524 1095; x_wconf 87' lang='lat' dir='ltr'><strong>constabat,</strong></span> <span class='ocrx_word' id='word_1_75' title='bbox 544 1023 785 1096; x_wconf 86' lang='lat' dir='ltr'><strong>praetermittere</strong></span> <span class='ocrx_word' id='word_1_76' title='bbox 805 1025 940 1096; x_wconf 89' lang='lat' dir='ltr'><strong>poteram</strong></span> <span class='ocrx_word' id='word_1_77' title='bbox 957 1038 1033 1096; x_wconf 89' lang='lat' dir='ltr'><strong>quae</strong></span> <span class='ocrx_word' id='word_1_78' title='bbox 1047 1020 1079 1076; x_wconf 91' lang='lat' dir='ltr'><strong>in</strong></span> 
     </span>
     <span class='ocr_line' id='line_1_11' title="bbox 60 1111 1079 1192; baseline -0.007 -19"><span class='ocrx_word' id='word_1_79' title='bbox 60 1115 187 1192; x_wconf 86' lang='lat' dir='ltr'><strong>singulis</strong></span> <span class='ocrx_word' id='word_1_80' title='bbox 205 1112 356 1172; x_wconf 87' lang='lat' dir='ltr'><strong>codicibus</strong></span> <span class='ocrx_word' id='word_1_81' title='bbox 376 1111 499 1184; x_wconf 88' lang='lat' dir='ltr'><strong>omissa,</strong></span> <span class='ocrx_word' id='word_1_82' title='bbox 518 1111 643 1184; x_wconf 89' lang='lat' dir='ltr'><strong>iterata,</strong></span> <span class='ocrx_word' id='word_1_83' title='bbox 661 1113 855 1186; x_wconf 87' lang='lat' dir='ltr'><strong>transposita,</strong></span> <span class='ocrx_word' id='word_1_84' title='bbox 875 1112 1025 1184; x_wconf 90' lang='lat' dir='ltr'><strong>corrupta,</strong></span> <span class='ocrx_word' id='word_1_85' title='bbox 1045 1128 1079 1167; x_wconf 84' lang='lat' dir='ltr'><strong>ex</strong></span> 
     </span>
     <span class='ocr_line' id='line_1_12' title="bbox 61 1197 1077 1276; baseline -0.009 -15"><span class='ocrx_word' id='word_1_86' title='bbox 61 1203 186 1262; x_wconf 85' lang='lat' dir='ltr'><strong>arbitrio</strong></span> <span class='ocrx_word' id='word_1_87' title='bbox 212 1203 397 1261; x_wconf 86' lang='lat' dir='ltr'><strong>commutata</strong></span> <span class='ocrx_word' id='word_1_88' title='bbox 422 1199 610 1260; x_wconf 84' lang='lat' dir='ltr'><strong>videbantur.</strong></span> <span class='ocrx_word' id='word_1_89' title='bbox 644 1200 717 1258; x_wconf 87' lang='lat' dir='ltr'><strong>haec</strong></span> <span class='ocrx_word' id='word_1_90' title='bbox 743 1200 852 1276; x_wconf 87' lang='lat' dir='ltr'><strong>igitur,</strong></span> <span class='ocrx_word' id='word_1_91' title='bbox 879 1201 914 1256; x_wconf 92' lang='lat' dir='ltr'><strong>ut</strong></span> <span class='ocrx_word' id='word_1_92' title='bbox 937 1197 1077 1273; x_wconf 70' lang='lat' dir='ltr'><strong>exemplis</strong></span> 
     </span>
     <span class='ocr_line' id='line_1_13' title="bbox 59 1289 752 1366; baseline -0.007 -16"><span class='ocrx_word' id='word_1_93' title='bbox 59 1295 143 1366; x_wconf 88' lang='lat' dir='ltr'><strong>utar,</strong></span> <span class='ocrx_word' id='word_1_94' title='bbox 162 1291 441 1350; x_wconf 86' lang='lat' dir='ltr'><strong>commemoratione</strong></span> <span class='ocrx_word' id='word_1_95' title='bbox 460 1289 550 1366; x_wconf 83' lang='lat' dir='ltr'><strong>digna</strong></span> <span class='ocrx_word' id='word_1_96' title='bbox 569 1307 629 1346; x_wconf 91' lang='lat' dir='ltr'><strong>non</strong></span> <span class='ocrx_word' id='word_1_97' title='bbox 647 1289 752 1346; x_wconf 86' lang='lat' dir='ltr'><strong>habui:</strong></span> 
     </span>
    </p>
   </div>
   <div class='ocr_carea' id='block_1_4' title="bbox 131 1421 776 2134">
    <p class='ocr_par' dir='ltr' id='par_1_4' title="bbox 131 1421 608 1490">
     <span class='ocr_line' id='line_1_14' title="bbox 131 1421 608 1490; baseline 0 -14"><span class='ocrx_word' id='word_1_98' title='bbox 131 1422 184 1476; x_wconf 84' lang='lat' dir='ltr'><strong>VII</strong></span> <span class='ocrx_word' id='word_1_99' title='bbox 199 1429 252 1478; x_wconf 76' lang='lat'><strong>120</strong></span> <span class='ocrx_word' id='word_1_100' title='bbox 270 1421 352 1490; x_wconf 81' lang='grc' dir='ltr'><strong><em>ὄρους</em></strong></span> <span class='ocrx_word' id='word_1_101' title='bbox 370 1429 401 1476; x_wconf 72' lang='lat' dir='ltr'><strong>T:</strong></span> <span class='ocrx_word' id='word_1_102' title='bbox 423 1421 526 1484; x_wconf 71' lang='grc' dir='ltr'><strong><em>ἔθνους</em></strong></span> <span class='ocrx_word' id='word_1_103' title='bbox 545 1425 608 1478; x_wconf 75' lang='lat' dir='ltr'><strong>cett</strong></span> 
     </span>
    </p>

    <p class='ocr_par' dir='ltr' id='par_1_5' title="bbox 196 1493 718 1633">
     <span class='ocr_line' id='line_1_15' title="bbox 196 1493 718 1563; baseline 0.002 -17"><span class='ocrx_word' id='word_1_104' title='bbox 196 1499 231 1547; x_wconf 79' lang='lat'><strong>24</strong></span> <span class='ocrx_word' id='word_1_105' title='bbox 249 1495 281 1548; x_wconf 88' lang='grc' dir='ltr'><strong>ού</strong></span> <span class='ocrx_word' id='word_1_106' title='bbox 300 1493 424 1563; x_wconf 74' lang='grc' dir='ltr'><strong><em>στερήσει</em></strong></span> <span class='ocrx_word' id='word_1_107' title='bbox 442 1498 476 1547; x_wconf 80' lang='lat'><strong>11:</strong></span> <span class='ocrx_word' id='word_1_108' title='bbox 496 1493 638 1561; x_wconf 74' lang='grc' dir='ltr'><strong>ὑπερήσει</strong></span> <span class='ocrx_word' id='word_1_109' title='bbox 657 1496 718 1547; x_wconf 88' lang='lat' dir='ltr'><strong>cett.</strong></span> 
     </span>
     <span class='ocr_line' id='line_1_16' title="bbox 247 1569 594 1633; baseline 0.006 -15"><span class='ocrx_word' id='word_1_110' title='bbox 247 1574 352 1633; x_wconf 80' lang='grc' dir='ltr'><strong><em>νεκρῶν</em></strong></span> <span class='ocrx_word' id='word_1_111' title='bbox 370 1570 405 1619; x_wconf 78' lang='lat' dir='ltr'><strong>A:</strong></span> <span class='ocrx_word' id='word_1_112' title='bbox 425 1574 514 1632; x_wconf 84' lang='grc' dir='ltr'><strong><em>κρεῶν</em></strong></span> <span class='ocrx_word' id='word_1_113' title='bbox 532 1569 594 1620; x_wconf 87' lang='lat' dir='ltr'><strong>cett.</strong></span> 
     </span>
    </p>

    <p class='ocr_par' dir='ltr' id='par_1_6' title="bbox 193 1633 776 1776">
     <span class='ocr_line' id='line_1_17' title="bbox 193 1633 776 1706; baseline 0 -16"><span class='ocrx_word' id='word_1_114' title='bbox 193 1641 247 1690; x_wconf 69' lang='grc' dir='ltr'><strong>δύο</strong></span> <span class='ocrx_word' id='word_1_115' title='bbox 266 1638 337 1703; x_wconf 80' lang='grc' dir='ltr'><strong><em>πρὸς</em></strong></span> <span class='ocrx_word' id='word_1_116' title='bbox 354 1645 443 1706; x_wconf 85' lang='grc' dir='ltr'><strong><em>τεῖχος</em></strong></span> <span class='ocrx_word' id='word_1_117' title='bbox 462 1643 492 1689; x_wconf 73' lang='lat' dir='ltr'><strong>T:</strong></span> <span class='ocrx_word' id='word_1_118' title='bbox 513 1637 567 1703; x_wconf 84' lang='grc' dir='ltr'><strong>πρὸ</strong></span> <span class='ocrx_word' id='word_1_119' title='bbox 586 1633 694 1706; x_wconf 81' lang='grc' dir='ltr'><strong><em>τείχους</em></strong></span> <span class='ocrx_word' id='word_1_120' title='bbox 713 1639 776 1690; x_wconf 83' lang='lat' dir='ltr'><strong>cett.</strong></span> 
     </span>
     <span class='ocr_line' id='line_1_18' title="bbox 264 1706 729 1776; baseline -0.002 -14"><span class='ocrx_word' id='word_1_121' title='bbox 264 1706 412 1775; x_wconf 82' lang='grc' dir='ltr'><strong><em>στεφανείς</em></strong></span> <span class='ocrx_word' id='word_1_122' title='bbox 430 1714 461 1760; x_wconf 76' lang='lat' dir='ltr'><strong>T:</strong></span> <span class='ocrx_word' id='word_1_123' title='bbox 482 1707 647 1776; x_wconf 83' lang='grc' dir='ltr'><strong><em>συσσραφείς</em></strong></span> <span class='ocrx_word' id='word_1_124' title='bbox 667 1712 729 1761; x_wconf 83' lang='lat' dir='ltr'><strong>cett.</strong></span> 
     </span>
    </p>

    <p class='ocr_par' dir='ltr' id='par_1_7' title="bbox 192 1776 665 1848">
     <span class='ocr_line' id='line_1_19' title="bbox 192 1776 665 1848; baseline 0.004 -17"><span class='ocrx_word' id='word_1_125' title='bbox 192 1784 248 1832; x_wconf 77' lang='lat'><strong>400</strong></span> <span class='ocrx_word' id='word_1_126' title='bbox 266 1777 364 1848; x_wconf 74' lang='grc' dir='ltr'><strong><em>γέγονε</em></strong></span> <span class='ocrx_word' id='word_1_127' title='bbox 382 1785 415 1832; x_wconf 84' lang='lat' dir='ltr'><strong>L:</strong></span> <span class='ocrx_word' id='word_1_128' title='bbox 435 1776 578 1846; x_wconf 76' lang='grc' dir='ltr'><strong><em>γεγονέναι</em></strong></span> <span class='ocrx_word' id='word_1_129' title='bbox 600 1783 665 1833; x_wconf 82' lang='lat' dir='ltr'><strong>cett.</strong></span> 
     </span>
    </p>

    <p class='ocr_par' dir='ltr' id='par_1_8' title="bbox 195 1852 679 1920">
     <span class='ocr_line' id='line_1_20' title="bbox 195 1852 679 1920; baseline 0.002 -17"><span class='ocrx_word' id='word_1_130' title='bbox 195 1855 252 1903; x_wconf 66' lang='lat' dir='ltr'><strong>57st</strong></span> <span class='ocrx_word' id='word_1_131' title='bbox 271 1852 401 1919; x_wconf 81' lang='grc' dir='ltr'><strong><em>μανύρης</em></strong></span> <span class='ocrx_word' id='word_1_132' title='bbox 420 1856 451 1903; x_wconf 73' lang='lat' dir='ltr'><strong>T:</strong></span> <span class='ocrx_word' id='word_1_133' title='bbox 471 1852 600 1920; x_wconf 81' lang='grc' dir='ltr'><strong><em>κανύβης</em></strong></span> <span class='ocrx_word' id='word_1_134' title='bbox 618 1853 679 1904; x_wconf 74' lang='lat' dir='ltr'><strong>cett,</strong></span> 
     </span>
    </p>

    <p class='ocr_par' dir='ltr' id='par_1_9' title="bbox 193 1919 714 1991">
     <span class='ocr_line' id='line_1_21' title="bbox 193 1919 714 1991; baseline 0.002 -17"><span class='ocrx_word' id='word_1_135' title='bbox 193 1921 250 1975; x_wconf 75' lang='lat' dir='ltr'><strong>63b</strong></span> <span class='ocrx_word' id='word_1_136' title='bbox 270 1919 419 1991; x_wconf 78' lang='grc' dir='ltr'><strong><em>ἀίηθίνοις</em></strong></span> <span class='ocrx_word' id='word_1_137' title='bbox 436 1927 470 1976; x_wconf 79' lang='lat' dir='ltr'><strong>A:</strong></span> <span class='ocrx_word' id='word_1_138' title='bbox 492 1920 635 1990; x_wconf 82' lang='grc' dir='ltr'><strong><em>ἀνητίνοις</em></strong></span> <span class='ocrx_word' id='word_1_139' title='bbox 654 1925 714 1976; x_wconf 86' lang='lat' dir='ltr'><strong>cett.</strong></span> 
     </span>
    </p>

    <p class='ocr_par' dir='ltr' id='par_1_10' title="bbox 193 1993 633 2062">
     <span class='ocr_line' id='line_1_22' title="bbox 193 1993 633 2062; baseline 0 -16"><span class='ocrx_word' id='word_1_140' title='bbox 193 1993 314 2062; x_wconf 69' lang='lat' dir='ltr'><strong>sallust</strong></span> <span class='ocrx_word' id='word_1_141' title='bbox 333 1995 429 2048; x_wconf 76' lang='grc' dir='ltr'><strong><em>δοκεῖν</em></strong></span> <span class='ocrx_word' id='word_1_142' title='bbox 448 1999 480 2046; x_wconf 72' lang='lat'><strong>1¹:</strong></span> <span class='ocrx_word' id='word_1_143' title='bbox 500 1994 559 2047; x_wconf 73' lang='grc' dir='ltr'><strong><em>ἐκεῖ</em></strong></span> <span class='ocrx_word' id='word_1_144' title='bbox 571 1995 633 2047; x_wconf 81' lang='lat' dir='ltr'><strong>cett.</strong></span> 
     </span>
    </p>

    <p class='ocr_par' dir='ltr' id='par_1_11' title="bbox 194 2061 741 2134">
     <span class='ocr_line' id='line_1_23' title="bbox 194 2061 741 2134; baseline -0.004 -18"><span class='ocrx_word' id='word_1_145' title='bbox 194 2069 269 2116; x_wconf 69' lang='lat' dir='ltr'><strong>lt&#39;la</strong></span> <span class='ocrx_word' id='word_1_146' title='bbox 288 2065 447 2134; x_wconf 78' lang='grc' dir='ltr'><strong><em>ἀμφίβολον</em></strong></span> <span class='ocrx_word' id='word_1_147' title='bbox 466 2071 497 2116; x_wconf 70' lang='grc' dir='ltr'><strong>Τι</strong></span> <span class='ocrx_word' id='word_1_148' title='bbox 517 2061 656 2133; x_wconf 81' lang='grc' dir='ltr'><strong><em>ἀμφίβιον</em></strong></span> <span class='ocrx_word' id='word_1_149' title='bbox 676 2065 741 2116; x_wconf 84' lang='lat' dir='ltr'><strong>cett.</strong></span> 
     </span>
    </p>
   </div>
   <div class='ocr_carea' id='block_1_5' title="bbox 138 2151 640 2220">
    <p class='ocr_par' dir='ltr' id='par_1_12' title="bbox 138 2151 640 2220">
     <span class='ocr_line' id='line_1_24' title="bbox 138 2151 640 2220; baseline -0.004 -14"><span class='ocrx_word' id='word_1_150' title='bbox 138 2153 176 2206; x_wconf 90' lang='lat' dir='ltr'><strong>III</strong></span> <span class='ocrx_word' id='word_1_151' title='bbox 192 2158 206 2205; x_wconf 84' lang='grc'><strong>7</strong></span> <span class='ocrx_word' id='word_1_152' title='bbox 221 2151 349 2220; x_wconf 80' lang='grc' dir='ltr'><strong><em>Ἀρμύίος</em></strong></span> <span class='ocrx_word' id='word_1_153' title='bbox 367 2159 398 2206; x_wconf 74' lang='lat' dir='ltr'><strong>T:</strong></span> <span class='ocrx_word' id='word_1_154' title='bbox 419 2153 558 2220; x_wconf 75' lang='grc' dir='ltr'><strong><em>Δριμύλος</em></strong></span> <span class='ocrx_word' id='word_1_155' title='bbox 576 2153 640 2205; x_wconf 75' lang='lat' dir='ltr'><strong>cett</strong></span> 
     </span>
    </p>
   </div>
   <div class='ocr_carea' id='block_1_6' title="bbox 135 2237 704 2386">
    <p class='ocr_par' dir='ltr' id='par_1_13' title="bbox 135 2237 704 2386">
     <span class='ocr_line' id='line_1_25' title="bbox 135 2237 576 2308; baseline -0.002 -15"><span class='ocrx_word' id='word_1_156' title='bbox 135 2240 173 2293; x_wconf 84' lang='lat' dir='ltr'><strong>IV</strong></span> <span class='ocrx_word' id='word_1_157' title='bbox 189 2246 245 2294; x_wconf 76' lang='lat' dir='ltr'><strong>lssa</strong></span> <span class='ocrx_word' id='word_1_158' title='bbox 265 2240 340 2308; x_wconf 78' lang='grc' dir='ltr'><strong><em>ύδωρ</em></strong></span> <span class='ocrx_word' id='word_1_159' title='bbox 358 2248 392 2294; x_wconf 82' lang='lat' dir='ltr'><strong>E:</strong></span> <span class='ocrx_word' id='word_1_160' title='bbox 413 2237 492 2306; x_wconf 82' lang='grc' dir='ltr'><strong><em>είὸαρ</em></strong></span> <span class='ocrx_word' id='word_1_161' title='bbox 513 2242 576 2293; x_wconf 77' lang='lat' dir='ltr'><strong>cett.</strong></span> 
     </span>
     <span class='ocr_line' id='line_1_26' title="bbox 192 2309 704 2386; baseline 0 -21"><span class='ocrx_word' id='word_1_162' title='bbox 192 2312 294 2386; x_wconf 66' lang='lat' dir='ltr'><strong>62s63a</strong></span> <span class='ocrx_word' id='word_1_163' title='bbox 314 2311 444 2381; x_wconf 75' lang='grc' dir='ltr'><strong><em>φλέγεται</em></strong></span> <span class='ocrx_word' id='word_1_164' title='bbox 463 2317 495 2365; x_wconf 74' lang='lat' dir='ltr'><strong>G:</strong></span> <span class='ocrx_word' id='word_1_165' title='bbox 516 2309 623 2380; x_wconf 75' lang='grc' dir='ltr'><strong><em>λέγεται</em></strong></span> <span class='ocrx_word' id='word_1_166' title='bbox 641 2313 704 2365; x_wconf 79' lang='lat' dir='ltr'><strong>cett.</strong></span> 
     </span>
    </p>
   </div>
   <div class='ocr_carea' id='block_1_7' title="bbox 270 2390 1008 2531">
    <p class='ocr_par' dir='ltr' id='par_1_14' title="bbox 270 2390 1008 2531">
     <span class='ocr_line' id='line_1_27' title="bbox 270 2390 1008 2446; baseline 0 -1"><span class='ocrx_word' id='word_1_167' title='bbox 270 2392 288 2444; x_wconf 94' lang='lat' dir='ltr'><strong>b</strong></span> <span class='ocrx_word' id='word_1_168' title='bbox 310 2392 474 2446; x_wconf 76' lang='grc' dir='ltr'><strong><em>ἐποπτεύειν</em></strong></span> <span class='ocrx_word' id='word_1_169' title='bbox 493 2397 526 2445; x_wconf 77' lang='lat' dir='ltr'><strong>G:</strong></span> <span class='ocrx_word' id='word_1_170' title='bbox 547 2391 707 2446; x_wconf 85' lang='grc' dir='ltr'><strong><em>ὀπιπτεύειν</em></strong></span> <span class='ocrx_word' id='word_1_171' title='bbox 726 2397 759 2445; x_wconf 77' lang='lat' dir='ltr'><strong>E:</strong></span> <span class='ocrx_word' id='word_1_172' title='bbox 780 2390 925 2445; x_wconf 83' lang='grc' dir='ltr'><strong><em>ὀπιπεύειν</em></strong></span> <span class='ocrx_word' id='word_1_173' title='bbox 944 2393 1008 2446; x_wconf 86' lang='lat' dir='ltr'><strong>cett.</strong></span> 
     </span>
     <span class='ocr_line' id='line_1_28' title="bbox 308 2461 952 2531; baseline 0 -15"><span class='ocrx_word' id='word_1_174' title='bbox 308 2463 386 2530; x_wconf 81' lang='grc' dir='ltr'><strong><em>παρὰ</em></strong></span> <span class='ocrx_word' id='word_1_175' title='bbox 401 2461 541 2530; x_wconf 82' lang='grc' dir='ltr'><strong><em>Ἀρίστωνι</em></strong></span> <span class='ocrx_word' id='word_1_176' title='bbox 560 2469 592 2517; x_wconf 76' lang='lat' dir='ltr'><strong>G:</strong></span> <span class='ocrx_word' id='word_1_177' title='bbox 613 2462 752 2531; x_wconf 82' lang='grc' dir='ltr'><strong><em>παροιμία</em></strong></span> <span class='ocrx_word' id='word_1_178' title='bbox 771 2462 870 2530; x_wconf 75' lang='grc' dir='ltr'><strong><em>ἄριστα</em></strong></span> <span class='ocrx_word' id='word_1_179' title='bbox 889 2465 952 2516; x_wconf 82' lang='lat' dir='ltr'><strong>cett.</strong></span> 
     </span>
    </p>
   </div>
   <div class='ocr_carea' id='block_1_8' title="bbox 57 2623 1084 3662">
    <p class='ocr_par' dir='ltr' id='par_1_15' title="bbox 57 2623 1084 3662">
     <span class='ocr_line' id='line_1_29' title="bbox 60 2623 1081 2700; baseline -0.001 -18"><span class='ocrx_word' id='word_1_180' title='bbox 60 2643 117 2684; x_wconf 91' lang='lat' dir='ltr'><strong>nec</strong></span> <span class='ocrx_word' id='word_1_181' title='bbox 135 2627 244 2684; x_wconf 87' lang='lat' dir='ltr'><strong>mirum</strong></span> <span class='ocrx_word' id='word_1_182' title='bbox 265 2628 311 2683; x_wconf 90' lang='lat' dir='ltr'><strong>est</strong></span> <span class='ocrx_word' id='word_1_183' title='bbox 329 2625 460 2699; x_wconf 90' lang='lat' dir='ltr'><strong>plurima</strong></span> <span class='ocrx_word' id='word_1_184' title='bbox 480 2624 588 2683; x_wconf 87' lang='lat' dir='ltr'><strong>menda</strong></span> <span class='ocrx_word' id='word_1_185' title='bbox 606 2627 702 2683; x_wconf 91' lang='lat' dir='ltr'><strong>inesse</strong></span> <span class='ocrx_word' id='word_1_186' title='bbox 722 2643 792 2682; x_wconf 88' lang='lat' dir='ltr'><strong>cum</strong></span> <span class='ocrx_word' id='word_1_187' title='bbox 811 2623 906 2682; x_wconf 90' lang='lat' dir='ltr'><strong>codici</strong></span> <span class='ocrx_word' id='word_1_188' title='bbox 924 2628 967 2698; x_wconf 81' lang='lat' dir='ltr'><strong>G,</strong></span> <span class='ocrx_word' id='word_1_189' title='bbox 994 2642 1081 2700; x_wconf 89' lang='lat' dir='ltr'><strong>quem</strong></span> 
     </span>
     <span class='ocr_line' id='line_1_30' title="bbox 59 2713 1081 2792; baseline 0 -20"><span class='ocrx_word' id='word_1_190' title='bbox 59 2713 319 2792; x_wconf 85' lang='lat' dir='ltr'><strong>neglegentissime</strong></span> <span class='ocrx_word' id='word_1_191' title='bbox 343 2715 497 2771; x_wconf 87' lang='lat' dir='ltr'><strong>exaratum</strong></span> <span class='ocrx_word' id='word_1_192' title='bbox 521 2732 585 2773; x_wconf 88' lang='lat' dir='ltr'><strong>esse</strong></span> <span class='ocrx_word' id='word_1_193' title='bbox 607 2732 698 2789; x_wconf 88' lang='lat' dir='ltr'><strong>supra</strong></span> <span class='ocrx_word' id='word_1_194' title='bbox 717 2715 895 2787; x_wconf 85' lang='lat' dir='ltr'><strong>statuimus,</strong></span> <span class='ocrx_word' id='word_1_195' title='bbox 919 2715 983 2770; x_wconf 92' lang='lat' dir='ltr'><strong>tum</strong></span> <span class='ocrx_word' id='word_1_196' title='bbox 1003 2713 1081 2772; x_wconf 89' lang='lat' dir='ltr'><strong>codi-</strong></span> 
     </span>
     <span class='ocr_line' id='line_1_31' title="bbox 59 2801 1081 2878; baseline 0 -17"><span class='ocrx_word' id='word_1_197' title='bbox 59 2803 142 2862; x_wconf 90' lang='lat' dir='ltr'><strong>cibus</strong></span> <span class='ocrx_word' id='word_1_198' title='bbox 165 2801 361 2862; x_wconf 89' lang='lat' dir='ltr'><strong>deterioribus</strong></span> <span class='ocrx_word' id='word_1_199' title='bbox 380 2807 406 2858; x_wconf 89' lang='lat' dir='ltr'>P</span> <span class='ocrx_word' id='word_1_200' title='bbox 431 2805 460 2860; x_wconf 91' lang='lat' dir='ltr'><strong>et</strong></span> <span class='ocrx_word' id='word_1_201' title='bbox 479 2807 514 2860; x_wconf 79' lang='lat'><strong>¹1¹.</strong></span> <span class='ocrx_word' id='word_1_202' title='bbox 548 2802 600 2862; x_wconf 90' lang='lat' dir='ltr'><strong>sed</strong></span> <span class='ocrx_word' id='word_1_203' title='bbox 624 2821 661 2861; x_wconf 93' lang='lat' dir='ltr'><strong>ne</strong></span> <span class='ocrx_word' id='word_1_204' title='bbox 680 2804 810 2878; x_wconf 91' lang='lat' dir='ltr'><strong>optimos</strong></span> <span class='ocrx_word' id='word_1_205' title='bbox 831 2801 952 2877; x_wconf 87' lang='lat' dir='ltr'><strong>quidem</strong></span> <span class='ocrx_word' id='word_1_206' title='bbox 971 2802 1081 2861; x_wconf 88' lang='lat' dir='ltr'><strong>talibus</strong></span> 
     </span>
     <span class='ocr_line' id='line_1_32' title="bbox 58 2887 1081 2966; baseline 0 -16"><span class='ocrx_word' id='word_1_207' title='bbox 58 2887 150 2951; x_wconf 89' lang='lat' dir='ltr'><strong>rebus</strong></span> <span class='ocrx_word' id='word_1_208' title='bbox 175 2911 281 2950; x_wconf 89' lang='lat' dir='ltr'><strong>vacare</strong></span> <span class='ocrx_word' id='word_1_209' title='bbox 308 2891 444 2964; x_wconf 87' lang='lat' dir='ltr'><strong>exempla</strong></span> <span class='ocrx_word' id='word_1_210' title='bbox 467 2891 583 2950; x_wconf 88' lang='lat' dir='ltr'><strong>docent.</strong></span> <span class='ocrx_word' id='word_1_211' title='bbox 620 2892 770 2966; x_wconf 90' lang='lat' dir='ltr'><strong>imprimis</strong></span> <span class='ocrx_word' id='word_1_212' title='bbox 793 2910 865 2950; x_wconf 88' lang='lat' dir='ltr'><strong>vero</strong></span> <span class='ocrx_word' id='word_1_213' title='bbox 888 2891 919 2947; x_wconf 89' lang='lat' dir='ltr'><strong>in</strong></span> <span class='ocrx_word' id='word_1_214' title='bbox 944 2891 1081 2950; x_wconf 84' lang='lat' dir='ltr'><strong>omnibus</strong></span> 
     </span>
     <span class='ocr_line' id='line_1_33' title="bbox 58 2979 1080 3055; baseline -0.001 -17"><span class='ocrx_word' id='word_1_215' title='bbox 58 2980 145 3039; x_wconf 89' lang='lat' dir='ltr'><strong>libris</strong></span> <span class='ocrx_word' id='word_1_216' title='bbox 159 2981 215 3040; x_wconf 90' lang='lat' dir='ltr'><strong>hae</strong></span> <span class='ocrx_word' id='word_1_217' title='bbox 229 2980 353 3040; x_wconf 83' lang='lat' dir='ltr'><strong>voculae</strong></span> <span class='ocrx_word' id='word_1_218' title='bbox 367 2982 588 3055; x_wconf 83' lang='lat' dir='ltr'><strong>permutantur,</strong></span> <span class='ocrx_word' id='word_1_219' title='bbox 607 3000 683 3055; x_wconf 89' lang='lat' dir='ltr'><strong>quae</strong></span> <span class='ocrx_word' id='word_1_220' title='bbox 699 2999 753 3055; x_wconf 91' lang='lat' dir='ltr'><strong>per</strong></span> <span class='ocrx_word' id='word_1_221' title='bbox 768 2979 975 3055; x_wconf 89' lang='lat' dir='ltr'><strong>compendium</strong></span> <span class='ocrx_word' id='word_1_222' title='bbox 990 2980 1080 3055; x_wconf 91' lang='lat' dir='ltr'><strong>scrip·</strong></span> 
     </span>
     <span class='ocr_line' id='line_1_34' title="bbox 57 3065 1080 3146; baseline -0.001 -18"><span class='ocrx_word' id='word_1_223' title='bbox 57 3073 109 3128; x_wconf 90' lang='lat' dir='ltr'><strong>tae</strong></span> <span class='ocrx_word' id='word_1_224' title='bbox 133 3069 183 3127; x_wconf 88' lang='lat' dir='ltr'><strong>vix</strong></span> <span class='ocrx_word' id='word_1_225' title='bbox 205 3071 331 3144; x_wconf 88' lang='lat' dir='ltr'><strong>possunt</strong></span> <span class='ocrx_word' id='word_1_226' title='bbox 352 3069 494 3127; x_wconf 86' lang='lat' dir='ltr'><strong>discerni:</strong></span> <span class='ocrx_word' id='word_1_227' title='bbox 517 3068 734 3146; x_wconf 81' lang='grc' dir='ltr'><strong><em>παρά-περί,</em></strong></span> <span class='ocrx_word' id='word_1_228' title='bbox 758 3065 938 3144; x_wconf 83' lang='grc' dir='ltr'><strong><em>ἀπό-ὑπό,</em></strong></span> <span class='ocrx_word' id='word_1_229' title='bbox 962 3067 1080 3146; x_wconf 83' lang='grc' dir='ltr'><strong><em>πρός·-</em></strong></span> 
     </span>
     <span class='ocr_line' id='line_1_35' title="bbox 57 3156 1082 3235; baseline -0.002 -19"><span class='ocrx_word' id='word_1_230' title='bbox 57 3156 128 3235; x_wconf 86' lang='grc' dir='ltr'><strong><em>πρύ,</em></strong></span> <span class='ocrx_word' id='word_1_231' title='bbox 147 3157 349 3233; x_wconf 80' lang='grc' dir='ltr'><strong><em>φησί-φασί.</em></strong></span> <span class='ocrx_word' id='word_1_232' title='bbox 378 3159 451 3216; x_wconf 92' lang='lat' dir='ltr'><strong>haec</strong></span> <span class='ocrx_word' id='word_1_233' title='bbox 465 3158 555 3215; x_wconf 87' lang='lat' dir='ltr'><strong>etiam</strong></span> <span class='ocrx_word' id='word_1_234' title='bbox 570 3160 634 3215; x_wconf 86' lang='lat' dir='ltr'><strong>turn</strong></span> <span class='ocrx_word' id='word_1_235' title='bbox 648 3157 776 3234; x_wconf 86' lang='lat' dir='ltr'><strong>neglexi,</strong></span> <span class='ocrx_word' id='word_1_236' title='bbox 791 3177 859 3216; x_wconf 91' lang='lat' dir='ltr'><strong>cum</strong></span> <span class='ocrx_word' id='word_1_237' title='bbox 874 3158 974 3233; x_wconf 88' lang='lat' dir='ltr'><strong>plures</strong></span> <span class='ocrx_word' id='word_1_238' title='bbox 989 3159 1082 3216; x_wconf 85' lang='lat' dir='ltr'><strong>testes</strong></span> 
     </span>
     <span class='ocr_line' id='line_1_36' title="bbox 58 3245 1084 3322; baseline 0 -18"><span class='ocrx_word' id='word_1_239' title='bbox 58 3247 169 3304; x_wconf 87' lang='lat' dir='ltr'><strong>falsam</strong></span> <span class='ocrx_word' id='word_1_240' title='bbox 191 3247 349 3304; x_wconf 90' lang='lat' dir='ltr'><strong>lectionem</strong></span> <span class='ocrx_word' id='word_1_241' title='bbox 373 3245 583 3322; x_wconf 84' lang='lat' dir='ltr'><strong>praestabant,</strong></span> <span class='ocrx_word' id='word_1_242' title='bbox 606 3247 693 3305; x_wconf 93' lang='lat' dir='ltr'><strong>modo</strong></span> <span class='ocrx_word' id='word_1_243' title='bbox 717 3249 753 3304; x_wconf 89' lang='lat' dir='ltr'><strong>ut</strong></span> <span class='ocrx_word' id='word_1_244' title='bbox 773 3245 808 3304; x_wconf 89' lang='lat' dir='ltr'><strong>de</strong></span> <span class='ocrx_word' id='word_1_245' title='bbox 827 3265 899 3305; x_wconf 85' lang='lat' dir='ltr'><strong>vera</strong></span> <span class='ocrx_word' id='word_1_246' title='bbox 918 3248 992 3304; x_wconf 90' lang='lat' dir='ltr'><strong>satis</strong></span> <span class='ocrx_word' id='word_1_247' title='bbox 1012 3264 1084 3304; x_wconf 92' lang='lat' dir='ltr'><strong>con·</strong></span> 
     </span>
     <span class='ocr_line' id='line_1_37' title="bbox 60 3334 1082 3411; baseline 0 -19"><span class='ocrx_word' id='word_1_248' title='bbox 60 3337 162 3394; x_wconf 88' lang='lat' dir='ltr'><strong>staret.</strong></span> <span class='ocrx_word' id='word_1_249' title='bbox 195 3334 322 3410; x_wconf 90' lang='lat' dir='ltr'><strong>denique</strong></span> <span class='ocrx_word' id='word_1_250' title='bbox 346 3334 428 3411; x_wconf 92' lang='lat' dir='ltr'><strong>quod</strong></span> <span class='ocrx_word' id='word_1_251' title='bbox 451 3336 489 3393; x_wconf 89' lang='lat' dir='ltr'><strong>ad</strong></span> <span class='ocrx_word' id='word_1_252' title='bbox 513 3334 647 3393; x_wconf 90' lang='lat' dir='ltr'><strong>ordinem</strong></span> <span class='ocrx_word' id='word_1_253' title='bbox 665 3335 823 3393; x_wconf 84' lang='lat' dir='ltr'><strong>verborum</strong></span> <span class='ocrx_word' id='word_1_254' title='bbox 843 3336 964 3410; x_wconf 85' lang='lat' dir='ltr'><strong>attinet,</strong></span> <span class='ocrx_word' id='word_1_255' title='bbox 987 3354 1024 3392; x_wconf 92' lang='lat' dir='ltr'><strong>ne</strong></span> <span class='ocrx_word' id='word_1_256' title='bbox 1044 3334 1082 3391; x_wconf 88' lang='lat' dir='ltr'><strong>de</strong></span> 
     </span>
     <span class='ocr_line' id='line_1_38' title="bbox 60 3421 1083 3501; baseline 0 -19"><span class='ocrx_word' id='word_1_257' title='bbox 60 3422 231 3499; x_wconf 80' lang='lat' dir='ltr'><strong>archetypis</strong></span> <span class='ocrx_word' id='word_1_258' title='bbox 246 3424 364 3499; x_wconf 91' lang='lat' dir='ltr'><strong>quidem</strong></span> <span class='ocrx_word' id='word_1_259' title='bbox 380 3443 523 3501; x_wconf 82' lang='lat' dir='ltr'><strong>generum</strong></span> <span class='ocrx_word' id='word_1_260' title='bbox 532 3423 674 3482; x_wconf 91' lang='lat' dir='ltr'><strong>Vaticani</strong></span> <span class='ocrx_word' id='word_1_261' title='bbox 689 3426 720 3482; x_wconf 89' lang='lat' dir='ltr'><strong>et</strong></span> <span class='ocrx_word' id='word_1_262' title='bbox 731 3423 928 3483; x_wconf 88' lang='lat' dir='ltr'><strong>Laurentiani</strong></span> <span class='ocrx_word' id='word_1_263' title='bbox 941 3421 1083 3498; x_wconf 84' lang='lat' dir='ltr'><strong>religiose</strong></span> 
     </span>
     <span class='ocr_line' id='line_1_39' title="bbox 61 3510 1084 3589; baseline 0.003 -22"><span class='ocrx_word' id='word_1_264' title='bbox 61 3510 173 3586; x_wconf 90' lang='lat' dir='ltr'><strong>ubique</strong></span> <span class='ocrx_word' id='word_1_265' title='bbox 195 3513 306 3571; x_wconf 89' lang='lat' dir='ltr'><strong>rettuli.</strong></span> <span class='ocrx_word' id='word_1_266' title='bbox 340 3514 365 3572; x_wconf 89' lang='lat' dir='ltr'><strong>si</strong></span> <span class='ocrx_word' id='word_1_267' title='bbox 390 3513 470 3571; x_wconf 92' lang='lat' dir='ltr'><strong>enim</strong></span> <span class='ocrx_word' id='word_1_268' title='bbox 492 3513 568 3570; x_wconf 92' lang='lat' dir='ltr'><strong>nihil</strong></span> <span class='ocrx_word' id='word_1_269' title='bbox 594 3513 716 3571; x_wconf 87' lang='lat' dir='ltr'><strong>adrem</strong></span> <span class='ocrx_word' id='word_1_270' title='bbox 740 3514 891 3589; x_wconf 88' lang='lat' dir='ltr'><strong>pertinere</strong></span> <span class='ocrx_word' id='word_1_271' title='bbox 914 3511 1084 3584; x_wconf 88' lang='lat' dir='ltr'><strong>videbatur,</strong></span> 
     </span>
     <span class='ocr_line' id='line_1_40' title="bbox 117 3617 915 3662; baseline 0.006 -5"><span class='ocrx_word' id='word_1_272' title='bbox 117 3617 223 3658; x_wconf 77' lang='lat' dir='ltr'><strong>Sononn</strong></span> <span class='ocrx_word' id='word_1_273' title='bbox 236 3630 262 3660; x_wconf 76' lang='lat' dir='ltr'><strong>ns</strong></span> <span class='ocrx_word' id='word_1_274' title='bbox 276 3621 435 3661; x_wconf 75' lang='lat' dir='ltr'><strong>Tanooarrnm</strong></span> <span class='ocrx_word' id='word_1_275' title='bbox 448 3631 492 3660; x_wconf 89' lang='lat' dir='ltr'><strong>reo.</strong></span> <span class='ocrx_word' id='word_1_276' title='bbox 502 3620 622 3660; x_wconf 85' lang='lat' dir='ltr'><strong>Wendel</strong></span> <span class='ocrx_word' id='word_1_277' title='bbox 900 3627 915 3662; x_wconf 79' lang='lat' dir='ltr'><strong>c</strong></span> 
     </span>
    </p>
   </div>
   <div class='ocr_carea' id='block_1_9' title="bbox 0 0 1230 3870">
    <p class='ocr_par' dir='ltr' id='par_1_16' title="bbox 0 0 1230 3870">
     <span class='ocr_line' id='line_1_41' title="bbox 0 0 1230 3870; baseline 0 0"><span class='ocrx_word' id='word_1_278' title='bbox 0 0 1230 3870; x_wconf 95' lang='lat' dir='ltr'><strong> </strong></span> 
     </span>
    </p>
   </div>
  </div>
 </body>
</html>
