2438 3870
440 143 641 214 Prolcgomena
659 142 751 198 latina
1063 145 1104 208 15

90 315 250 392 Iphigenia
264 309 292 392 <.
304 358 329 372 ..
344 314 397 373 luc.
411 313 472 371 incl.
482 307 610 391 Rauca>
625 312 804 372 ablueretur.
832 312 885 371 diu
898 314 1023 371 vexatus
1037 331 1105 372 cum

92 431 110 472 a
129 413 255 472 Taurica
269 411 457 489 Iphigeniam
476 412 641 487 repetisset,
659 412 743 469 venit
761 411 799 470 ad
817 410 890 470 fines
904 410 1106 488 Rheginorum

92 511 193 587 ibique
218 509 339 570 invento
362 509 484 568 flumine
507 509 605 568 elutus
627 510 747 568 traiecit
769 511 801 567 in
820 508 953 568 Siciliam
974 511 1005 567 et
1022 509 1106 567 iuxta

93 607 257 684 Syracusas
276 608 392 668 somnio
411 607 581 667 admonitus
600 607 792 666 simulacrum
811 605 892 682 deae,
911 606 991 683 quod
1008 624 1107 665 secum

66 704 130 768 ede
149 707 277 765 Taurica
296 706 467 783 advexerat,
484 705 597 781 templo
616 706 715 781 posito
734 704 928 779 consecravit,
947 724 1037 781 quam
1056 723 1107 780 ap·

93 804 219 881 pellevit
238 803 395 863 Facelitim
418 805 479 863 sive
498 798 705 880 <Fascelincm
725 803 792 863 add.
807 798 909 881 Keil),
928 802 1008 879 quod
1027 803 1106 862 fasce

93 903 244 979 lignorum
271 903 384 961 tectum
411 901 448 961 de
471 901 596 960 Taurice
624 901 816 960 simulacrum
841 902 1005 982 extulisset.
1043 901 1107 959 eius

93 1000 167 1059 deae
185 1019 293 1059 nomen
312 1000 395 1060 brevi
414 998 613 1076 adprobatum
627 1001 749 1074 propter
763 999 842 1074 quod
855 999 987 1074 plurima
1000 1016 1108 1074 pecora

93 1099 213 1156 munen·
231 1097 358 1175 quisque
375 1096 553 1158 conferebat.
587 1115 663 1172 quae
678 1114 744 1155 cum
758 1090 1029 1170 incrementassent‚
1048 1114 1107 1154 uon

54 1217 80 1257 ro
95 1194 266 1270 defuerunt,
294 1196 347 1271 qui
370 1195 534 1273 gratuitam
558 1193 758 1254 custodiendis
781 1213 902 1271 operam
926 1194 1107 1268 adhiberent,

94 1293 227 1352 contenti
255 1295 411 1369 tamquam
438 1291 571 1351 mercede
596 1285 690 1373 (Keil,
714 1293 878 1352 mercedem
900 1286 983 1373 libri)
1009 1293 1109 1351 fructu

95 1392 176 1450 casei
193 1392 243 1450 vel
260 1392 356 1451 lactis.

165 1508 242 1582 326,
258 1510 426 1581 22-327,
442 1509 475 1566 6:
499 1526 616 1566 carmen
639 1497 805 1567 bucolicum
822 1508 920 1584 legem
938 1506 1045 1565 habere
1064 1507 1107 1565 vi·
1128 1545 1161 1553 -

97 1604 197 1679 detur,
220 1608 255 1663 ut
278 1623 379 1664 versus
403 1606 467 1664 eius
491 1608 616 1682 quartus
639 1623 691 1680 pes
714 1608 831 1682 partem
852 1605 996 1665 orationis
1014 1604 1108 1678 finiat,

56 1721 82 1762 ιε
97 1701 178 1778 quod
197 1703 372 1763 Theocritus
395 1703 564 1763 custodivit.
597 1723 667 1763 nam
685 1703 836 1782 Vergilius
855 1704 886 1762 in
904 1703 1000 1779 primo
1019 1721 1109 1763 versu

98 1801 236 1876 attendit,
255 1803 407 1878 sequentis
425 1803 562 1878 protinus
582 1802 673 1861 aliam
691 1803 818 1861 formam
836 1801 914 1862 fecit.

164 1907 299 1968 bucolica
327 1908 502 1968 Theocritus
530 1909 648 1968 facilius
674 1909 795 1968 videtur
820 1909 938 1982 fecisse,
968 1908 1108 1985 quoniam
1128 1944 1162 1953 -

98 2003 219 2065 Graecis
242 2025 338 2066 sermo
362 2007 405 2066 sic
426 2007 545 2067 videtur
563 2007 688 2075 divisus,
712 2010 746 2065 ut
764 2006 852 2066 Doris
871 2005 1026 2079 dialectos,
1050 2025 1109 2081 qua

97 2103 148 2162 ille
168 2105 297 2178 scripsit,
314 2106 429 2164 rustica
446 2105 600 2164 habeatur.
629 2107 831 2180 opportunum
844 2104 903 2162 fuit
917 2121 987 2180 ergo
1002 2103 1039 2178 ei,
1058 2106 1110 2179 qui

57 2221 84 2260 ao
98 2204 234 2276 pastores
261 2201 422 2279 inferebat,
455 2222 490 2262 aa
517 2205 622 2280 lingue
650 2203 825 2278 disputasse.
862 2200 996 2279 Vergilio
1023 2203 1109 2261 tauto

99 2297 213 2356 factum
230 2316 304 2373 opus
317 2301 423 2375 maius,
442 2305 554 2378 quanto
569 2321 630 2360 una
643 2302 748 2378 lingna
762 2301 888 2376 loquens
902 2318 1005 2359 seusus
1018 2301 1110 2360 rusti-

100 2414 148 2456 cos
167 2400 272 2472 aptare
291 2397 456 2458 elaboravit
473 2401 537 2459 sine
555 2399 780 2476 reprehensione
799 2400 951 2458 sermonis.

57 2561 63 2574 ⁸
167 2496 237 2554 sunt
255 2496 403 2572 quaedam
421 2499 551 2573 propria,
569 2498 688 2557 heroico
707 2496 832 2557 carmini
845 2496 994 2572 sublimia,
1013 2496 1110 2555 sedin
1129 2531 1162 2540 -

97 2592 232 2674 'bucolico
252 2595 392 2669 humilia,
411 2613 487 2669 quae
506 2597 575 2670 apte
594 2595 728 2655 divisisse
747 2594 899 2672 Vergilius
918 2596 1038 2654 notatus
1057 2595 1109 2653 est.

59 2725 84 2765 as
167 2712 246 2786 329,
262 2713 406 2770 10-2132
435 2729 520 2768 omne
549 2729 667 2770 carmen
691 2712 724 2768 iu
746 2713 807 2769 tres
830 2717 1013 2788 χαρακτῆρας
1035 2709 1110 2769 divi·
1134 2723 1149 2765 o

100 2807 195 2866 ditur:
214 2806 403 2888 δραματικόν,
421 2808 453 2865 in
472 2827 532 2885 quo
551 2828 694 2885 personae
712 2807 919 2868 tantummodo
934 2809 1111 2884 loquuntur,

100 2904 326 2985 διηγηματικόν,
345 2907 378 2964 in
396 2925 455 2981 quo
475 2906 555 2964 solus
573 2910 675 2982 poeta3
699 2903 815 2984 μικτόν,
832 2906 885 2964 ubi
902 2905 1067 2981 promiscue
1082 2908 1112 2964 et

100 3007 189 3079 poete
212 3008 242 3063 et
265 3022 403 3080 persone.
435 3006 566 3063 omnium
591 3007 755 3081 specierum
779 3003 896 3081 eclogas
919 3005 950 3061 in
968 3003 1112 3063 bucolicis

100 3101 209 3178 posuit.

58 3241 85 3281 ao
510 3220 700 3279 Diomedes

168 3324 233 3383 Art.
253 3324 694 3403 gramm.111482,14-25
715 3325 796 3386 Keil:
823 3325 981 3385 Poemctos
1004 3343 1113 3401 genera
1137 3344 1151 3386 c

101 3424 172 3482 sunt
185 3423 259 3480 tria:
279 3425 332 3481 cut
346 3425 424 3482 enim
439 3425 571 3482 activum
585 3425 631 3482 est
644 3423 692 3482 vel
705 3422 899 3496 imitativum,
918 3421 997 3497 quod
1007 3419 1113 3480 Graeci

102 3516 284 3598 δραματιαόν
299 3521 347 3579 vel
361 3520 527 3599 μιμητικόν,
541 3522 595 3580 aut
609 3522 810 3580 enarrativum
827 3520 875 3579 vel
885 3519 1113 3593 enuntiativum,
