2446 3870
141 136 206 203 252
238 128 240 133 '
444 137 556 192 Scholia
574 137 625 191 τοι
639 137 849 210 εμπ-τηατ

114 318 130 361 κ
208 301 266 385 8s9
279 326 304 366 a.
328 303 456 365 τόσσον
470 297 520 382 ἔμ’
541 302 737 384 εῦφραναςι
755 305 830 386 πρὸς
843 303 898 383 τὴν
912 303 1085 384 ὑπερβολὴν
1100 313 1155 382 τῆς

140 403 286 484 διαφορᾶς
304 401 464 464 ἀπέδωκεν.
497 401 556 463 έστι
578 402 633 483 γάρ
657 411 803 464 τοιοῦτον
833 402 904 463 ὅσον
922 402 988 464 τόδε
1007 400 1154 483 διαφέρει,

139 511 280 563 τοσοῦτον
311 499 361 561 καὶ
391 500 427 561 σὺ
455 499 561 578 φανεὶς
589 497 638 579 έμέ
665 498 837 580 ηὔφρανας,
870 499 941 560 ὥστε
969 501 1097 562 καλλίων
1127 494 1157 562 εί

139 597 242 679 παρών
260 597 280 679 ἢ
299 597 393 659 ἀπών.

32 707 130 753 um?
208 698 234 756 b.
257 696 385 758 τόσσον
412 692 462 775 ἔμ’
487 694 683 776 είίφραναςε
710 695 729 774 ἡ
753 697 904 779 σύγκρισις
926 696 1012 775 κακή.
1046 696 1153 775 ώφειλε
1181 718 1194 760 ε

137 794 193 875 γὰρ
212 795 317 857 εἰπεῖν·
342 795 413 856 ὅσον
431 794 482 874 έαρ
500 803 642 874 χειμῶνος
664 793 810 874 διαφέρει,
833 804 974 856 τοσοῦτον
997 789 1025 856 εί
1045 792 1095 855 καὶ
1115 794 1152 856 σθ

137 893 320 975 γλυκύτερος.

32 990 141 1045 Κῑωῑίῐ
204 1012 227 1052 ο.
251 990 397 1074 σκιερὰν
418 989 485 1052 ὑπὸ
505 990 634 1071 φαγόντ
657 989 836 1052 ἐπαινέσειεν
854 989 893 1052 ἀν
911 1015 955 1064 τις
974 989 1006 1052 ἐκ
1024 1001 1077 1071 τῆς
1095 1013 1152 1052 πα-

138 1090 267 1168 ραβολῆς
280 1087 332 1150 τὸν
345 1089 485 1167 ποιητήν·
509 1089 688 1170 παραβάλλει
701 1088 756 1170 γὰρ
771 1095 810 1173 τῷ
826 1087 879 1168 μέν
893 1088 981 1174 πόθῳ
995 1088 1027 1150 τὸ
1042 1099 1152 1167 καῦμα,

137 1173 196 1264 τὴν
211 1183 243 1247 δέ
262 1188 428 1268 παρουσίαν
446 1195 499 1248 τοῦ
517 1185 666 1268 ἐρωμένου
685 1193 771 1271 φηγῷ
787 1186 1029 1271 κατασκιαζοῦση.
1065 1208 1068 1213 ’
1167 1209 1194 1248 ιο

32 1292 152 1338 nim?
205 1287 233 1344 d.
257 1283 401 1364 σκιερὰν
425 1278 452 1344 δ’
478 1283 545 1345 ὑπὸ
570 1285 697 1365 φαγόνε
726 1281 766 1357 ὡς
789 1283 827 1346 ἀν
850 1309 907 1364 τις,
932 1285 1022 1364 φησί,
1045 1285 1152 1365 φλεγό-

138 1403 225 1460 μενος
243 1381 302 1444 ῦπὸ
320 1392 373 1444 τοῦ
392 1380 479 1461 ἡλίου
501 1383 544 1456 εἰς
567 1382 653 1444 σκιάν
674 1392 774 1464 φηγοῦ
792 1381 943 1469 παρέλθη,
969 1383 1047 1444 οὕτω
1069 1381 1151 1464 κάγώ

138 1498 185 1540 σοι
203 1483 492 1561 προσανεπαυσάμην
510 1479 651 1561 ἀσμένως.

113 1587 127 1630 Κ
207 1574 307 1658 1οί11
320 1600 346 1639 a.
370 1574 439 1639 εἴθ’
462 1577 599 1657 ὀμαλοίε
624 1577 639 1638 ὁ
658 1589 743 1652 νοῦς·
762 1580 808 1660 εἴη
823 1577 901 1658 ἡμᾶς
915 1578 945 1654 ἐξ
960 1579 1025 1640 ἴσου
1041 1584 1151 1660 φιλεῖν,

138 1675 218 1748 ὅπως
236 1675 274 1737 ἀν
293 1675 342 1737 καὶ
360 1683 421 1750 τοῖς
439 1676 509 1756 μετὰ
527 1686 618 1737 ταῦτα
636 1676 809 1757 ἀνθρώποις
827 1677 1020 1757 ὑμνηθῶμεν.
1167 1696 1191 1738 τε

32 1781 150 1826 ww
204 1775 231 1833 b.
256 1769 324 1835 εἴθ’
349 1773 487 1853 ὁμαλοίε
510 1775 588 1853 εἴθε,
608 1776 716 1854 φησίν,
735 1774 867 1854 ἐνεχώρει
886 1776 990 1853 ὅμοιον
1010 1774 1151 1856 γενέσθαι

136 1871 188 1932 τὸν
210 1872 253 1946 εἰς
275 1871 419 1952 ἀλλήλους
443 1869 528 1952 ἡμῶν
547 1871 653 1953 έρωτα,
675 1873 725 1933 ἵνα
743 1872 792 1933 καὶ
811 1872 934 1934 ἐπὶτῶν
953 1871 1149 1954 μεταγενεστέ-

138 1993 199 2050 ρων
217 1971 391 2051 περιβόητος
409 1967 495 2049 ἡμῶν
513 1967 533 2050 ἡ
552 1972 636 2048 φιλία
654 1959 683 2056 ᾗ.

35 2066 132 2121 ΜΨ
205 2089 228 2128 ο.
251 2063 328 2149 (ἐπ’
349 2067 804 2151 ἀμφοτέροισινἚρωτεςε>
824 2068 891 2149 ἤτοι
908 2067 971 2149 <ἡ>
989 2068 1062 2129 κατὰ
1080 2069 1151 2142 τοὺς

137 2164 323 2246 ἀμφοτέρους
341 2169 433 2245 φιλία.
1165 2187 1192 2227 ¹⁰

31 2271 129 2317 υεΑΡτ
204 2267 231 2324 d.
255 2259 306 2326 ἐπ’
332 2265 539 2345 έσσομένοις
560 2265 609 2328 θέε
633 2266 680 2328 έπὶ
702 2277 775 2328 πᾶσι
798 2264 829 2327 δέ
852 2273 913 2339 τοῖς
931 2264 1081 2345 ἐσομένοις
1099 2263 1150 2325 καί

138 2360 291 2440 μέλλουσιν
308 2363 438 2442 ἔσεσθαι,
452 2363 516 2442 ἤτοι
530 2370 591 2438 τοῖς
605 2365 862 2447 μεταγενεστέροις,
876 2364 1036 2446 γενοίμεθα
1050 2361 1150 2442 ἀοιδή,

136 2458 200 2537 η’τοι
219 2459 363 2539 ἀκουσμα.

31 2573 172 2618 κυελεετ
211 2562 386 2619 12-16a.
410 2559 495 2620 δοιὼ
520 2561 561 2638 δή
586 2583 671 2622 τινες
695 2571 780 2623 τοῦτο
804 2559 844 2634 ὡς
861 2561 936 2642 πρὸς
958 2559 1028 2634 τοὺς
1045 2582 1149 2642 προγε-

137 2655 300 2737 νεστέρους·
320 2657 370 2716 ἵνα
390 2658 421 2717 οί
437 2657 667 2740 μεταγενέστεροι
681 2668 734 2737 τῆς
748 2661 849 2736 φιλίας
864 2656 949 2737 ἡμῶν
966 2655 1149 2737 μνησθέντες
1163 2678 1190 2720 τε

136 2755 258 2836 λέγωσιν
277 2753 320 2814 ὅτι
337 2754 391 2815 δύο
406 2755 463 2835 πρὸ
478 2752 563 2834 ἡμῶν
577 2755 710 2837 ἐγένοντο
725 2754 892 2838 ἅνθρωποι,
911 2755 1006 2836 έτερος
1020 2754 1074 2834 μέν
1088 2755 1148 2818 ὑπὸ

136 2852 292 2914 Λακώνων
310 2853 464 2933 λεγόμενος
482 2853 653 2932 είσπνηλος,
675 2853 822 2915 τουτέστιν
840 2853 977 2936 ἐραστής,
1003 2852 1098 2933 έτερος
1117 2852 1149 2915 δέ

136 2951 194 3011 ὑπὸ
217 2954 373 3012 Θεσσαλῶν
391 2950 488 3029 ἀΐτυς,
507 2951 654 3012 τουτέστιν
673 2951 829 3030 έρώμενος·
854 2946 935 3013 οὗτοι
954 2945 983 3013 δ’
1004 2950 1149 3031 ἀλλήλους

136 3047 164 3121 ἐξ
185 3049 251 3108 ἴσου
271 3048 415 3126 ἐφίλησαν
434 3059 486 3110 τοῦ
505 3060 614 3129 χρυσοῦ
632 3049 737 3130 γένους
757 3047 797 3123 ὣς
815 3051 909 3112 έοικεν
928 3048 1018 3123 ὄντες.

207 3237 283 3307 1έμ’
309 3244 405 3304 Apogr.
424 3246 516 3295 Barba
542 3261 574 3309 με
592 3249 616 3293 Κ
633 3258 716 3295 rescr.
824 3239 1029 3296 δέπαινέσιιεν
1048 3246 1146 3324 Δροςτ.

136 3316 227 3364 Barba
243 3328 288 3379 -ση
304 3319 338 3363 K:
354 3317 458 3365 σ-οιῦε
474 3329 529 3367 -σει
544 3317 588 3364 m·
660 3323 688 3365 10
703 3333 783 3404 φηγφ
771 3313 1017 3394 κατασκιαξούση
1033 3313 1147 3382 scripsi:

136 3379 228 3450 φηγὸν
247 3399 313 3436 -σαν
332 3390 366 3436 K:
387 3384 451 3450 ὃρυλ
471 3402 518 3455 -σῃ
537 3388 608 3436 LUT
680 3394 706 3435 ιτ
727 3383 781 3438 ὑπὸ
797 3385 886 3447 codd.
905 3400 1010 3438 corten
1083 3384 1147 3454 τοι)

136 3453 234 3507 addidi
306 3464 336 3506 το
355 3451 496 3521 φίλουςῐτ,
511 3458 558 3521 φιλ
573 3460 618 3506 11⁰1²
690 3466 719 3507 εσ
733 3454 859 3524 λέγουσιν
874 3461 918 3508 GP
990 3464 1018 3506 τι
1034 3453 1147 3524 είσπνη-

136 3529 181 3586 λος
199 3533 233 3579 K:
254 3525 394 3587 εἰσπνιλος
412 3530 498 3580 UAG:
519 3527 644 3590 ἴσπνιλος
661 3532 731 3580 m
