2446 3870
385 165 498 220 Scholia
517 163 579 218 XIV
594 167 672 233 48149
680 163 813 235 ο-οὸγόλ
1042 161 1107 226 303

182 332 301 413 ἀνδρῶν
320 327 348 394 δ’
370 335 400 393 οἳ
416 332 555 392 πίνουσιν
573 331 654 413 ὕδωρ
677 335 769 410 καλῆς
785 325 980 412 Ἀρεθούσης,

182 425 253 492 ἀλλ”
267 430 309 492 ἐτι
325 429 376 493 καλ
393 439 452 491 τῶν
470 431 545 490 εἰσιν
562 427 725 508 ἀμείνονες,
744 429 774 489 οἳ
791 427 826 488 τὰ
845 427 957 508 μεσηγύ

186 531 335 611 Τίρυνθος
353 530 471 589 ναίουσι
488 525 538 587 καλ
554 522 710 606 Ἀρκαδίης
728 525 916 605 πολυμήλου,

179 621 304 708 Ἀργεῖοι
322 626 539 706 λινοθώρηκες,
557 623 662 705 κε’ντρα
679 621 847 702 πτολέμοιο·

66 748 78 787 ε
182 724 265 804 ύμεῖς
285 720 326 802 δ’,
345 717 368 785 ὦ
387 728 554 806 Μεγαρεῖς,
573 721 639 784 ούτε
657 724 747 802 τρίτοι
766 721 833 782 ούτε
851 719 979 799 τέταρτοι

182 820 248 883 ούτε
267 819 459 899 δυωδέκατοι,
479 813 541 882 οὔτ’
564 818 595 879 ἐν
614 819 690 904 λόγῳ
710 811 772 880 οὔτ’
795 817 827 878 ἐν
845 817 972 905 ἀριθμῷ.

159 930 187 989 b.
206 927 285 1009 παρὰ
312 928 344 989 τὸ
372 927 404 989 ἐν
431 933 471 1010 τῷ
499 932 625 1009 χρησμῷ·
656 930 806 1006 Μεγαρεῖς
834 922 900 986 ούτε
925 925 1016 1004 τρίτοι
1040 912 1151 985 ούτευε

92 1024 229 1105 τέταρτοι.
936 1058 938 1065 1

160 1126 211 1185 50.
234 1122 283 1184 καλ
302 1123 329 1183 εἰ
346 1120 399 1200 μὲν
418 1122 676 1201 καταφρονήσαιμι
694 1121 797 1200 αὐτῆς,
816 1120 941 1193 δεόντως
958 1117 997 1180 όίν
1011 1119 1210 1199 μοιΙῑῑίἘίΕΡε

52 1222 241 1302 ιοπροχωροί
262 1268 267 1278 .
973 1210 975 1213 ’
1091 1296 1093 1299 ¹

160 1321 210 1378 51.
234 1329 301 1380 νῦν
325 1316 360 1378 δὲ
384 1317 512 1379 πόθενι
535 1328 620 1379 τοῦτο
644 1319 675 1379 τὸ
696 1316 815 1398 ἀγαθὸν
832 1316 952 1389 ἐλλιπές.
985 1316 1016 1377 τὸ
1036 1314 1211 1392 dmm?

93 1427 176 1495 μῦς·
201 1417 344 1496 παροιμία
367 1414 429 1476 ἐστί
447 1413 519 1495 ’μῦς
537 1414 695 1496 γευόμενος
713 1417 820 1494 πίσσης
828 1412 846 1476 ’.
878 1413 988 1496 λέγεται
1007 1413 1039 1475 δὲ
1057 1413 1106 1475 ἐπὶ

91 1523 150 1574 τῶν
173 1515 214 1587 εἰς
237 1512 327 1592 οληόὲς
350 1523 469 1594 πρᾶγμα
493 1512 678 1593 ἐμπεσόντων
702 1513 752 1574 καλ
771 1511 994 1592 δυσδιεξιτήτως
1012 1511 1104 1573 ἀπαλ-
1182 1574 1184 1576 ,

92 1611 289 1691 λασσομένων.
322 1611 418 1692 όόσπερ
436 1611 492 1692 γὰρ
512 1610 528 1672 ό
547 1621 604 1690 μῦς
619 1608 635 1671 ό
650 1612 757 1690 πίσσης
770 1610 929 1693 γενόμενος
942 1610 1105 1689 ἐνειληθεὶς
1176 1611 1180 1616 ’

54 1734 77 1773 ιε
92 1715 237 1790 κρατεῖται
264 1708 314 1770 καὶ
342 1712 399 1782 ζῶν
424 1716 604 1790 τιμωρεῖται,
629 1709 721 1789 ούτω,
747 1710 837 1788 φησί,
862 1708 957 1790 κάγώ,
982 1707 1036 1788 οὐχ
1062 1709 1106 1770 ότι

92 1808 283 1888 παρακμάζον
306 1807 361 1888 ἐγω
383 1808 416 1870 τὸ
439 1809 553 1886 πόθος,
577 1803 639 1868 ἀλλ’
662 1808 705 1869 ότι
728 1806 821 1887 ἀρχὴν
845 1806 937 1867 αὐτού
955 1807 1105 1886 λαμβάνω.

160 1908 272 1984 53γό4.
296 1905 387 1983 πλὴν
410 1910 537 1984 Σῖμοςε
560 1905 638 1983 πλὴν
662 1900 743 1982 οίόα,
768 1905 812 1966 ότι
830 1909 926 1983 Σῖμος
949 1902 1105 1983 ἡλικιώτης

93 2026 150 2080 μου
176 2003 384 2083 ἐκστρατεύσας
409 2002 496 2082 ύγιης
521 2001 579 2062 ἀπὸ
605 2011 658 2062 τοῦ
681 2002 787 2083 ἔρωτος
809 2001 988 2080 ἐπανῆλθεν,
1020 2001 1106 2063 ύπό·

92 2105 220 2179 χαλκον
242 2097 273 2159 δὲ
293 2097 365 2180 λέγει
384 2097 439 2177 τὴν
459 2097 579 2177 ἀσπίδα,
598 2097 662 2159 ἐπεί
678 2098 756 2159 ε’στιν
776 2098 834 2160 ὑπὸ
854 2105 893 2181 τῷ
908 2103 1015 2182 χαλκῷ·
1039 2096 1105 2178 (λέ-

53 2223 78 2259 20
92 2219 170 2276 γεται
194 2195 225 2256 δὲ
248 2195 297 2256 καλ
321 2192 550 2275 ἕπίγαλκος,>
569 2194 716 2257 τουτέστιν
735 2190 783 2274 ἐφ’
805 2194 912 2275 ἑαυτῆς
931 2195 1035 2276 ἔχουσα
1054 2196 1105 2258 τὸν

92 2293 209 2373 χαλκόν.
242 2293 274 2354 ἐκ
294 2291 325 2354 δὲ
343 2294 449 2354 τούτου
468 2293 523 2371 τὴν
541 2295 692 2374 στρατείαν
716 2294 807 2371 δηλοῖ.

162 2429 455 2499 12Paroemiographi
480 2431 606 2499 (Diogen.
626 2431 650 2483 II
669 2436 703 2483 64
719 2430 766 2498 al.)
856 2440 886 2482 κο
904 2430 1025 2499 Ηεεγολε.
1045 2428 1106 2486 ἐπί-

92 2504 193 2570 χαλκος
248 2501 305 2554 sch.
320 2502 367 2553 Ar.
382 2500 465 2569 Vesp.
482 2505 515 2553 18

163 2627 307 2694 Ιάνὸρῶν
326 2633 360 2678 K:
380 2626 482 2693 ἄνδρες
501 2628 566 2680 cett.
648 2624 765 2680 2τῶνὸ’
787 2625 854 2681 call.
886 2672 888 2678 ,
932 2625 1106 2696 σλίρκαελίης

92 2697 250 2767 πολυμήλου
276 2704 310 2751 K:
334 2696 482 2765 ’Ἀρκαδίαν
507 2697 666 2766 πολύμηλον
693 2703 779 2752 EGP:
807 2696 905 2765 Ἄρκατλ
928 2701 1035 2766 πολυμλ
1061 2715 1103 2767 cp.

92 2772 140 2818 UA
211 2780 226 2821 4
244 2768 391 2838 πτολέμοιο
411 2768 479 2823 Call.
495 2786 558 2823 cum
572 2769 655 2822 Anth.
672 2768 731 2822 Pal.
747 2769 811 2824 XIV
826 2775 868 2835 73,
887 2769 998 2837 Photi0‚
1017 2769 1104 2823 Suida

92 2843 123 2907 (s.
142 2840 221 2909 ὑμεῖς
240 2834 260 2892 ὦ
279 2843 442 2911 Μεγαρεῖς)ε
463 2840 594 2909 πολέμοιο
614 2840 693 2893 codd.
710 2840 824 2894 Theocr.
902 2850 916 2893 5
936 2839 1001 2894 ούτε
1016 2838 1105 2907 τρίτοι

93 2911 299 2965 -δοωὸἐκατοι
318 2928 371 2965 om.
387 2919 410 2963 Κ
481 2923 496 2964 ο
514 2912 589 2965 hunc
607 2928 717 2965 versum
736 2929 788 2965 om.
803 2916 877 2964 Aa?
931 2910 1103 2966 ὃνωὸἐκατοι

92 2979 160 3034 Call.
181 2999 243 3034 cum
263 2982 425 3035 auctoribus
443 2983 526 3036 modo
544 2983 679 3036 laudatis:
700 2985 886 3036 θωύεκαταῖοι
900 2986 947 3034 ΠΕ
1019 2993 1034 3035 ν
1054 2984 1104 3038 αύ-

91 3058 199 3104 ww?
271 3063 299 3104 1⁰
313 3053 347 3106 τὰ
361 3052 455 3106 πάντα
469 3056 534 3107 ante
548 3073 627 3124 προγ.
642 3054 732 3121 suppl.
744 3051 811 3107 Call.
858 3051 1069 3124 προσγωροίηΚ

92 3133 119 3172 13
138 3122 313 3189 ἐμπεσόντων
337 3130 371 3175 K:
397 3122 589 3192 ἐμπιπτόντων
611 3127 677 3177 cett.
745 3123 956 3192 ὃνσὸιεξιτήτως
978 3131 1014 3178 K:
1038 3127 1104 3179 δυσ-

92 3192 234 3259 εξειλήτως
252 3197 338 3246 UEA:
359 3192 576 3259 δυσεξαλείπτως
595 3201 639 3247 GP
676 3195 724 3247 καί
738 3204 831 3256 κακῶς
845 3198 911 3250 ουλε
926 3195 1023 3250 ὰπαλλ.
1038 3197 1103 3250 add.

92 3269 218 3317 UEAGP
296 3275 324 3317 15
342 3285 397 3332 τιμ.
416 3263 500 3318 πλέον
519 3271 572 3330 ζῶν
592 3272 636 3318 GP
716 3277 741 3318 1⁷
761 3266 779 3320 l.
799 3266 871 3336 πλὴν
891 3264 932 3321 ότι
946 3271 979 3322 Σ.
995 3274 1018 3320 K
1038 3264 1104 3322 οῖδα

92 3354 144 3389 om.
165 3340 291 3388 UEAGP
398 3346 425 3388 1⁸
450 3355 503 3404 μου
521 3344 556 3390 K:
581 3357 627 3406 μοι
651 3338 716 3390 cett.
788 3342 826 3409 τῷ
847 3337 928 3406 ἔρωτι
946 3337 1027 3407 ὑγιὴς
1044 3345 1068 3391 K

92 3418 118 3459 ιο
137 3406 209 3496 λέγει
228 3413 290 3460 KG:
311 3404 346 3461 όν
365 3405 439 3496 λέγοι
458 3411 522 3461 cett.
578 3408 668 3497 suppl.
684 3408 793 3462 Ahrens
878 3405 1103 3464 εοτοντέστιν-
1122 3464 1124 3468 ,

91 3481 266 3602 χαλκονάἓω.
282 3486 305 3530 K
359 3479 394 3548 ἐφ
423 3478 544 3533 Ahrens:
565 3480 606 3548 ἀφ
636 3479 714 3534 codd.
771 3479 871 3549 ἑαυτῆς
884 3479 1022 3536 Piecolos:
1039 3481 1104 3536 ἑαν-

90 3558 140 3603 τοῦ
160 3567 191 3604 οο
233 3591 240 3604 .
