2438 3870
145 109 210 175 348
428 109 578 165 Δωσιάδου
597 105 694 178 Βωμές
708 109 750 182 1ίῦ
759 109 872 182 a-9l12

144 302 204 358 ρος
226 276 276 339 καὶ
298 277 314 340 6
337 279 469 351 θάνατος
491 276 541 338 καλ
564 275 686 358 ύλεθρος
709 286 761 337 τού
784 277 914 356 βούτου
938 274 988 338 καὶ
1005 277 1156 356 βουκόλου

141 377 342 457 Ἀλεξάνδρου,
360 385 413 437 τοῦ
429 380 586 457 Τευκρού
605 373 721 437 καὶτοῦ
737 375 846 457 Τρωός,
862 384 915 436 τοῦ
931 375 1156 454 τεκνάματος

141 485 193 553 τής
207 474 315 547 κυνὸς
330 472 424 556 ήγουν
438 484 491 536 τοῦ
506 475 575 536 υἴού
589 468 792 553 τήςἙιιάβης,
806 473 870 552 ήτις
881 473 972 534 Κύων
987 469 1156 552 ὠνόμασται

141 573 191 635 καὶ
210 573 333 654 Χοιρίλη
353 571 452 635 διὰτὸ
472 582 530 634 τῶν
548 573 664 634 παίδων
682 569 735 644 ούς
754 570 829 632 ἔτεκε
846 575 973 649 πλῆθος.

206 673 235 734 b.
258 680 343 732 τοῦτο
362 669 448 753 λέγει·
472 671 515 732 ὅτι
533 670 588 752 ε’γά
608 671 667 749 εἰμι
685 669 701 732 6
719 670 833 749 βωμός,
855 665 891 729 ὃν
907 669 1119 730 κατεσκεύασεν
1139 668 1154 732 6
1181 688 1191 730 τ

141 768 216 850 ἀνήρ
231 780 283 849 τῆς
298 770 448 848 Μηδείας,
468 769 521 850 ούχ
536 767 551 830 δ
567 762 711 849 Ἀχιλλεὺς
727 765 742 828 6
757 767 869 828 τοιόσδε
883 765 933 828 καὶ
946 767 1072 847 τοιόσδε,
1088 762 1151 828 ἀλλ’

141 867 157 931 6
169 861 283 930 Ἰάσων
304 869 358 929 δύο
372 868 428 950 γὰρ
446 867 606 940 Θετταλούς
621 865 732 947 άνδρας
746 866 808 946 ἔσχε
822 865 955 944 Μήδεια,
973 866 1025 928 τὸν
1036 859 1154 928 Ἰάσονα

143 964 175 1026 έν
193 967 330 1050 Θετταλία
348 965 398 1026 καὶ
417 965 468 1027 τὸν
484 960 611 1046 Ἀχιλλέα
630 964 661 1026 ἐν
679 971 742 1038 ταῖς
760 964 863 1042 νήσοις
881 973 939 1024 τῶν
959 964 1108 1046 μακάρων.

210 1075 313 1134 5-8.
337 1074 407 1136 ττύτε
428 1072 460 1134 δέ
484 1095 517 1151 με
536 1072 648 1146 ἔτευξεν
667 1069 683 1132 6
704 1065 821 1146 Ἰάσων;
845 1063 934 1150 ήμος
956 1069 1005 1130 καλ
1025 1067 1154 1150 ὁπηνίκα

144 1162 224 1232 εύσε
247 1170 297 1232 καὶ
320 1171 423 1232 ἔκαυσε
445 1171 495 1232 καὶ
518 1170 657 1253 ἕρραισε
682 1169 732 1231 καλ
755 1169 894 1249 ἔφθειρεν
917 1166 936 1248 ή
955 1169 1080 1248 Μήδεια
1101 1169 1154 1232 τὸν
1168 1191 1192 1230 ιο

141 1261 251 1351 ούρον
268 1268 382 1331 καὶτὸν
397 1267 557 1349 ὁρμητικὸν
572 1267 610 1342 ὡς
625 1267 772 1351 ἀνδρεῖον,
790 1268 1003 1350 γυιόχαλκον
1022 1267 1072 1330 καλ
1086 1270 1153 1350 χάλ-

142 1391 211 1429 κεον
226 1365 245 1428 ά
250 1368 292 1428 νδ
296 1392 338 1449 ρα
352 1367 401 1428 διὰ
415 1367 447 1430 τὸ
462 1366 507 1429 olel
521 1365 704 1446 ὡπλισμένον
718 1361 805 1444 εἶναι,
818 1367 870 1429 τὸν
885 1367 987 1428 Τάλων
1001 1368 1154 1430 κωλύοντα

143 1466 212 1540 τοὺς
227 1467 420 1548 Ἀργοναύτας
435 1468 575 1526 διελθεῖν·
593 1463 634 1527 δν
652 1465 764 1543 Τάλων,
782 1462 815 1538 ὃς
829 1464 862 1526 έν
876 1472 928 1550 μιᾷ
942 1462 1036 1550 ήμέρηι
1048 1463 1155 1547 <τρλς>

143 1563 300 1642 ττεριάδευε
319 1562 374 1641 τήν
391 1572 485 1642 νῆσον
504 1563 558 1642 τήν
576 1563 697 1643 Κρήτην
715 1563 764 1624 καὶ
783 1562 934 1642 ἐφύλαττε,
955 1562 1084 1645 μόρησε
1103 1563 1154 1625 καὶ

143 1659 213 1740 μετὰ
227 1660 319 1740 μόρου
334 1660 383 1722 καί
399 1663 602 1734 κακοπαθείας
617 1657 810 1739 δἭφαιστος
828 1660 1008 1741 ἐτεκτήνατο,
1027 1658 1043 1722 6
1062 1660 1153 1723 διττά·
1168 1678 1192 1720 τι

141 1782 207 1838 τωρ
222 1793 266 1801 -
280 1758 312 1820 ἐκ
329 1758 384 1840 γὰρ
401 1769 453 1839 τῆς
463 1755 560 1841 Ἥρας
576 1761 669 1839 μόνης
684 1758 842 1840 ἐγεννήθη,
862 1757 901 1832 ὡς
920 1765 1005 1841 ληρεῖ
1014 1754 1154 1834 Ἡσίοδος

142 1856 174 1918 ἐν
192 1867 227 1940 τή
249 1859 392 1942 Θεογονίᾳ
412 1851 453 1940 (v.
470 1852 564 1941 927),
586 1856 605 1937 ή
625 1857 674 1918 καὶ
695 1857 843 1939 ἔρριψεν
864 1857 955 1920 αὐτὸν
974 1855 1014 1930 ὡς
1032 1856 1154 1920 ἐτώσιον

142 1953 245 2035 άχθος,
259 1953 279 2035 ή
295 1952 310 2015 δ
331 1956 569 2037 μητρόριτιτος
584 1955 731 2018 τουτέστιν
747 1954 762 2017 δ
777 1956 827 2016 διὰ
840 1955 895 2034 τήν
909 1955 1018 2036 μητέρα
1031 1955 1153 2038 ῥιφθελς

140 2053 199 2114 ool
224 2063 275 2115 τοῦ
294 2053 367 2127 Διὸς
391 2055 549 2133 μεσιτεύων
572 2053 666 2132 αύτήν
688 2088 745 2133 -,
769 2051 784 2114 6
809 2055 974 2128 δίσευνος
989 2050 1154 2131 Ἥφαιστος

141 2152 190 2213 καὶ
210 2153 264 2214 δύο
283 2159 426 2234 γυναῖκας
445 2153 532 2233 σχάν,
550 2152 605 2231 τήν
622 2146 801 2232 Ἀφροδίτην
819 2151 869 2213 καὶ
888 2151 940 2231 τήν
958 2151 1063 2234 Χάριν.
1168 2169 1194 2208 κο

211 2264 319 2321 9-12.
338 2258 422 2338 έμδν
437 2260 455 2320 δ
460 2257 472 2320 ὲ
487 2269 618 2341 τεύγμα
631 2259 680 2320 καλ
694 2258 749 2338 τήν
761 2259 834 2339 έμήν
847 2257 1153 2341 κατασκευήυλάθρή-

143 2376 205 2430 σας
223 2357 272 2419 καὶ
287 2358 470 2437 θεασάμενος
490 2354 505 2418 δ
523 2358 715 2438 Φιλοκτήτης,
735 2356 750 2420 6
769 2359 920 2436 κτάντης
938 2355 988 2418 καλ
1006 2353 1022 2417 6
1042 2357 1154 2434 φονεὺς

142 2466 195 2517 τοῦ
213 2457 407 2536 Θεοκρίτου
426 2455 476 2517 καὶ
489 2455 540 2530 τὰς
554 2455 628 2529 θεὰς
642 2457 795 2536 κρίναντος
810 2449 1015 2536 Ἀλεξάνδρου,
1033 2452 1049 2517 6
1069 2456 1153 2516 καύ·

212 2603 226 2646 3
246 2592 464 2647 soh.Eu1·.Heo.
480 2599 495 2645 3
515 2592 716 2664 (Philochorus)
786 2592 887 2646 Herod.
902 2590 993 2661 Eplm.
1010 2596 1060 2646 153
1074 2590 1154 2646 Bois-

142 2665 246 2718 sonade
306 2664 381 2718 Suid.
401 2661 512 2734 Χορίλη.
532 2661 649 2731 Χοιρίλη
738 2673 763 2716 11
782 2663 874 2733 Apoll.
890 2663 979 2718 Rhod.
994 2663 1032 2717 IV
1046 2667 1116 2717 163⁶

141 2736 234 2804 Apoll.
249 2735 320 2789 Bibl.
335 2736 348 2789 I
364 2741 413 2789 140
495 2746 524 2788 lo
543 2736 600 2790 soh.
615 2735 683 2790 Fiet.
700 2735 777 2806 11s12

212 2872 224 2913 1
244 2860 331 2930 ήγουν
350 2858 381 2923 ὃς
394 2858 502 2929 ἐγένετο
516 2859 643 2922 θάνατος
656 2859 779 2915 τουτέστι
792 2861 896 2929 φονεύς
910 2861 985 2914 Τοττ.
1058 2869 1073 2912 8
1092 2856 1154 2929 ἥτις

142 2936 285 3002 -τιλήθος
304 2950 356 2986 om.
371 2937 420 2984 ΥΕ
496 2942 510 2984 4
529 2929 644 3002 χοιρίλις
662 2931 752 2996 Fam,
771 2930 876 2985 correxi
948 2941 962 2984 o
981 2927 1074 3002 βωμός
1092 2929 1153 2985 Sto·

141 3004 262 3072 phonos:
286 3002 354 3066 ναός
374 3009 422 3056 YF
441 3003 516 3056 Forr.
625 3014 639 3056 ο
659 3002 673 3057 ὁ
691 3001 952 3058 τοιόσδε-Ἰάσων
971 3018 1023 3056 om.
1040 3002 1116 3055 Part.

139 3073 257 3142 υήυίιια
281 3072 343 3143 εὗρε
367 3074 476 3129 omissio
499 3075 547 3128 καλ
570 3074 669 3128 ἔκαυσε
692 3081 712 3126 F
802 3085 827 3127 11
847 3075 884 3135 ὡς
902 3074 1035 3140 ἀνδρεῖον
1055 3074 1084 3127 el
1102 3072 1153 3128 διὰ

139 3142 279 3200 τδ-είναι
299 3164 352 3201 om.
366 3151 423 3212 ΥΕ,
443 3146 547 3200 habent
565 3148 695 3216 excerpto
786 3156 814 3198 12
836 3144 933 3200 Τάλων
952 3147 1071 3213 utroque
1089 3143 1153 3198 loco

142 3217 216 3271 Fors.
237 3220 266 3272 et
284 3219 426 3286 excerpta:
447 3217 549 3272 Πύλων
568 3222 616 3270 YF
706 3228 733 3270 ιε
753 3215 953 3284 ὃς-ἐφύλαττε
972 3233 1025 3270 om.
1040 3215 1116 3270 Forr.

141 3289 239 3342 addidi
259 3305 293 3343 ex
311 3288 482 3356 Apollodoro
589 3299 617 3342 18
637 3287 654 3357 ἢ
674 3288 689 3344 ὁ
708 3287 860 3358 μ-αύτήν
879 3304 933 3342 om.
947 3291 1003 3352 ΥΕ,
1022 3286 1155 3356 legerunt

139 3363 269 3430 excerpta
324 3358 415 3430 ύιωελς
433 3360 590 3429 stephanus
610 3377 672 3414 oum
691 3359 827 3429 excerptis
903 3369 933 3411 κο
951 3360 1111 3428 καλ-οχάν
1129 3363 1154 3412 Y

138 3431 228 3486 Foro:
248 3430 369 3502 δ-έχων
388 3437 409 3483 F
485 3442 512 3485 ll
531 3431 660 3501 ἀθρήσας
677 3432 726 3485 καὶ
744 3429 920 3499 θεασάμενος
938 3429 1027 3496 Τοῖα,
1047 3429 1083 3484 of.
1103 3447 1151 3485 ox-

141 3506 248 3571 eerpla:
268 3504 374 3575 βλέψας
391 3508 427 3556 Y:
448 3503 517 3557 ἰδὼν
535 3509 555 3554 Τ
