2446 3870
115 141 135 204 8
471 138 638 194 Anecdoton
655 138 774 193 Ετλατιιιε

115 308 208 386 δηλοῖ
241 305 381 379 ὡσαύτως
404 304 509 368 δὲκαὶ
532 304 548 367 δ
572 305 718 383 στέφανος
740 307 826 384 νίκης
847 327 877 366 τε
900 306 962 383 ἅμα
979 305 1130 384 σόμβολον

114 406 165 467 καί
183 417 282 485 χαρᾶς.
315 404 455 483 ἐνίκησαν
479 404 535 486 γὰρ
553 406 585 466 οἱ
600 403 770 464 διαλλακταὶ
788 404 992 477 διαλλάξαντες
1008 403 1078 476 τοὺς
1096 401 1129 464 έν

114 511 177 576 ταῖς
205 505 414 583 Συρακούσαις
441 503 661 575 στασιάζοντας·
693 494 737 562 ὧν
764 502 802 581 δὴ
831 503 1011 562 διαλλακτῶν
1037 500 1130 562 τόπου

114 601 230 680 έπεῖχον
252 603 284 662 οἰ
303 600 339 660 τὰ
361 599 522 681 βουκολικὰ
546 595 675 684 ᾅδοντες.
707 599 743 659 τδι
761 597 793 661 δέ
811 597 933 679 κέρατα,
954 598 1056 677 ἐπειδὴ
1075 598 1131 660 τὸν

116 703 205 759 Πᾶνα
228 693 308 779 εἰχον
331 699 364 759 οί
384 703 483 776 νομεῖς
505 698 595 773 θεόν,
623 696 639 759 δ
663 695 695 758 δέ
719 697 788 757 Πὰν
810 696 917 777 κέρατα
938 696 1013 776 ἔχων
1034 718 1129 776 παρα·
1158 720 1172 759 τ

119 796 244 858 δέδοται.
276 797 346 870 τοὺς
363 803 464 874 νομεῖς
478 793 510 857 δέ
525 797 557 856 οἱ
567 795 603 856 τὰ
615 794 776 875 βουκολικδι
789 794 949 867 συνθέντες
962 794 1131 874 έμιμοῦντο,

119 893 159 967 ὡς
177 895 300 972 ἔφημεν.
332 893 382 954 καὶ
401 904 460 954 τῶν
479 895 598 973 θηρίων
616 891 648 954 δὲ
667 894 702 953 αἰ
716 892 828 972 μορφαί
848 903 901 954 τοῦ
916 893 1019 965 Πανὸς
1032 891 1132 953 ένεκεν

118 993 333 1071 λαμβάνονται,
359 990 460 1068 ἐπειδὴ
486 991 519 1051 έν
543 997 605 1063 τοῖς
628 989 707 1072 όρεσι
730 989 780 1051 καί
802 997 866 1063 ταῖς
884 989 1019 1070 ε’ρημίαις
1036 1012 1131 1070 παρα-

118 1091 232 1150 δίδοται
257 1091 431 1170 διατρίβειν,
454 1087 556 1161 τόποις
577 1090 754 1168 θηριώδεσι,
776 1087 827 1149 καὶ
843 1088 904 1167 ἅμα
922 1086 972 1148 καὶ
989 1087 1079 1160 αὐτὸς
1096 1087 1131 1148 τὰ

118 1187 197 1248 κάτω
216 1188 352 1268 τραγώδη
366 1185 416 1247 καὶ
429 1187 516 1246 λάσια
528 1187 723 1266 παραδίδοται
737 1185 821 1266 ἔχειν.
852 1184 947 1246 καὶτὸ
961 1185 1131 1267 λαγωβόλον
1146 1209 1173 1246 ιο

118 1283 150 1346 δὲ
176 1293 228 1346 τοῦ
253 1284 346 1346 αὐτοῦ
372 1283 483 1344 ἕνεκεν·
510 1284 588 1358 εἰκὸς
612 1283 668 1366 γὰρ
691 1283 782 1346 αὐτὸν
805 1285 855 1345 καὶ
872 1281 1038 1364 κυνηγέτην
1055 1277 1132 1345 εἰναι

117 1389 178 1456 τοῖς
197 1381 295 1463 ὄρεσιν
313 1382 544 1464 ἐνδιατρίβοντα.
577 1381 627 1442 καί
646 1381 707 1461 μὴν
722 1381 772 1442 καὶ
791 1379 811 1461 ἡ
831 1382 992 1463 πρόσρησις
1010 1388 1132 1461 σημεῖον

118 1480 239 1560 εἰρήνης
257 1473 310 1560 ἦν·
330 1480 503 1559 εὐδαίμονες
522 1477 575 1558 μέν
593 1478 649 1561 γὰρ
668 1481 700 1540 οἰ
715 1477 873 1560 ἅνθρωποι
891 1478 923 1539 έν
941 1479 1061 1564 εἰρήνη,
1079 1489 1145 1539 κα-’

117 1579 293 1657 κοδαίμονες
312 1576 344 1639 δὲ
363 1579 497 1659 γίνονται
514 1577 547 1638 έν
566 1583 606 1661 τῷ
624 1576 750 1663 πολέμῳ.
779 1573 1050 1657 cf.sch.13s4de.

70 1730 108 1772 8⁸
191 1725 219 1782 2.
243 1720 288 1781 ότι
311 1721 342 1781 οἱ
363 1718 417 1799 μέν
440 1738 533 1798 φασιν
557 1719 753 1803 εὑρεθῆναι
775 1718 812 1781 έν
830 1721 1079 1800 Λακεδαίμονι
1096 1719 1132 1780 τὰ
1147 1739 1173 1780 15

118 1817 279 1899 βουκολικὰ
297 1828 429 1899 πρῶτον,
450 1824 490 1901 τῷ
509 1818 608 1903 τρόπῳ
627 1818 742 1903 τούτω·
761 1827 821 1879 τῶν
839 1821 995 1898 Περσικῶν
1013 1816 1133 1879 ε’νεστώ-

118 1940 177 1977 των
196 1915 237 1976 έτι
254 1915 304 1977 καὶ
323 1915 409 2002 φόβῳ
428 1925 527 1976 πᾶσαν
546 1915 601 1994 τὴν
616 1909 743 1976 Ἑλλάδα
755 1915 961 1996 ταρασσόντων
975 1913 1075 1994 ἐνέστη
1089 1939 1133 1988 τις

118 2008 295 2098 (incertum)
314 2014 399 2095 ἑορτὴ
415 2009 582 2096 Ἀρτέμιδος
596 2013 791 2094 Καρυάτιδος.
823 2023 883 2074 τῶν
900 2005 957 2075 οὖν
972 2012 1133 2095 παρθένων

119 2112 329 2192 κεκρυμμένων
348 2113 397 2174 διὰ
415 2113 470 2192 τὴν
488 2112 520 2174 έκ
538 2122 591 2173 τοῦ
609 2111 739 2192 πολέμου
758 2112 887 2192 ταραχὴν
905 2110 1041 2194 ἄγροῖκοί
1056 2135 1133 2185 τινες

119 2209 301 2282 εἰσελθόντες
325 2212 414 2284 ἰδίαις
438 2206 530 2296 ᾠδαῖς
547 2210 602 2290 τὴν
613 2208 751 2292 ’Ἄρτεμιν
770 2211 921 2290 ὕμνησαν·
944 2219 997 2288 τῆς
1015 2207 1047 2270 δέ
1065 2210 1133 2271 τού·
1147 2230 1174 2269 ιο

120 2330 178 2368 των
202 2305 287 2384 ξένης
312 2307 426 2386 μοόσης
449 2307 568 2388 ἀρίστης
593 2307 753 2390 γενομένης
771 2307 925 2389 παρέμεινε
944 2307 982 2393 τὸγ
994 2307 1066 2380 ἔθος
1084 2306 1134 2368 καὶ

119 2404 285 2484 ἐφυλάχθη.

188 2512 219 2572 οί
234 2509 266 2571 δέ
281 2529 373 2588 φασιν
389 2509 421 2571 έν
434 2512 556 2595 Σικελίᾳ
570 2521 687 2592 πρῶτον
702 2510 894 2592 ἐξευρεθῆναι
907 2511 1006 2598 τρόπφ
1022 2512 1133 2596 τοιῷδε.

121 2605 321 2688 ἐξενεχθέντος
344 2615 383 2694 τῷ
403 2601 521 2694 Ὀρέστη
544 2619 676 2690 χρησμοῦ
700 2608 732 2670 ἐν
755 2608 828 2670 έπτδι
850 2615 993 2688 ποταμοῖς
1015 2608 1048 2670 έκ
1065 2619 1134 2689 μιᾶς

121 2716 219 2788 πηγῆς
244 2704 361 2788 ρ’έουσιν
387 2704 628 2784 ἀπολαύσασθαι,
656 2707 698 2780 εἰς
720 2700 834 2788 Ῥήγιον
859 2716 912 2787 τῆς
931 2701 1061 2780 Ἰταλίας
1079 2729 1117 2768 πε
1149 2729 1174 2752 ²*

121 2805 253 2886 ρευθείς,
278 2802 378 2886 φέρων
397 2802 447 2864 καὶ
465 2813 517 2883 τῆς
533 2798 699 2885 Ἀρτέμιδος
718 2805 826 2878 ξόανον
845 2799 915 2885 μεθ’
935 2804 1058 2884 ἑαυτοῦ,
1076 2807 1126 2867 &nm

122 2902 154 2963 ἕν
176 2908 238 2975 τοῖς
260 2899 427 2982 λεγομένοις
451 2903 618 2982 διαχωρίοις
640 2901 779 2964 έλοόσατο
798 2909 949 2982 ποταμοῖς.
986 2903 1083 2964 ἔπειτα
1101 2927 1122 2963 τ.

122 3000 231 3073 ξόανον
254 2998 353 3079 λαβὼν
376 3000 417 3072 εἰς
437 2999 642 3078 Τυνδαρίδα
666 3008 718 3078 τῆς
736 3001 873 3072 Σικελίας
896 2999 1031 3077 ἀφίκετο·
1056 3001 1087 3060 οἰ
1103 2998 1130 3060 δί

122 3097 270 3178 ἐπιχώριοι
293 3096 347 3175 τὴν
367 3096 445 3157 θεόν
465 3097 552 3169 ἰδίοις
570 3096 712 3168 ποιήνασ·
732 3098 962 3160 καθυννόσντ·
1000 3097 1060 3144 ''⁹‘'
1079 3096 1125 3144 «δ’

122 3195 242 3276 πρώτην
259 3193 428 3274 παρέδοσαν
447 3195 570 3276 εόρεσιν.

189 3308 387 3390 ἀληθέστερον
411 3309 443 3371 δέ
466 3326 559 3388 φασιν
582 3316 611 3369 οὶ
634 3328 754 3389 ιεγυντε,
789 3336 790 3345 ’
862 3348 888 3356 .,
922 3351 946 3370 m
1012 3347 1024 3355 ·-
1060 3315 1110 3364 ιὺοι

124 3414 232 3488 θῆναι,
259 3407 357 3491 τρόπῳ
383 3402 486 3492 δέ’(γε
512 3401 589 3468 ond}
616 3405 675 3485 μὴν
700 3411 778 3456 ωσι
1108 3410 1109 3415 ’

124 3503 544 3587 Συρακοόσαιςγενονένυ.
576 3508 722 3552 πολὺ
858 3543 862 3548 -
