2446 3870
474 164 586 220 Scholia
604 165 630 219 V
644 171 677 219 83
686 181 755 219 ε-ο
1052 163 1112 226 171

100 334 173 407 Διὸς
197 331 246 394 καί
271 331 421 414 Εὐρώπης
445 332 530 411 ύίοῦ,
555 329 589 405 ὃς
612 325 651 412 ἦν
673 331 819 414 ἐρώμενος
842 339 895 392 τοῦ
916 325 1113 403 Ἀπόλλωνος·

97 429 225 511 Ἀλκμὰν
250 424 336 513 (fgm.
359 432 421 490 103
443 431 544 510 Bergk
568 434 605 492 ib.
630 423 686 513 67)
720 428 752 492 δὲ
784 428 843 490 ἀπὸ
871 427 1008 508 Καρνέου
1035 428 1116 501 τινὸς

104 534 248 610 Τρωϊκοῦ·
274 528 445 608 Δημήτριος
471 522 556 611 (fgm.
578 533 596 590 2
618 528 717 589 Gaede
742 530 885 589 Demetrii
908 527 1019 602 Soepsii
1045 546 1119 600 ηααι

99 646 220 703 superi,
233 629 314 688 Diss.
319 629 371 701 ph.
383 626 493 703 Gryph.
505 631 601 697 1880,
612 621 668 708 18)
684 623 715 687 δὲ
730 624 789 688 άπὸ
804 634 857 687 τοῦ
870 635 988 706 κρᾶναι,
1003 624 1020 684 ό
1036 622 1115 684 ἔστιν

74 723 268 786 εὲπιτελὲσαι.
308 723 384 803 φησί
410 725 481 806 γάρ,
507 723 547 798 ὡς
575 724 732 797 Μενέλαος
760 723 936 806 στρατεύσας
964 723 1006 796 εἰς
1026 719 1117 783 Ἴλιον

99 821 208 901 ηύξατο
226 831 347 902 τιμῆσαι
365 822 468 901 αὐτόν,
486 821 540 884 ἐὰν
558 822 684 908 κρηύνη.

165 940 193 998 b.
215 939 369 1021 Κάρνεατ
388 938 520 1020 Κάρνεια
534 937 619 1020 ἑορτὴ
633 936 794 1017 τελονμίνη
807 943 847 1022 τῷ
863 937 998 1020 Καρνείῳ
1011 928 1115 996 Ἀπόλ-

99 1043 170 1098 λωνι
187 1036 263 1097 κατὰ
274 1035 329 1114 την
344 1035 588 1116 Πελοπόννησον,
607 1034 666 1098 άπὸ
682 1029 962 1117 Κάρνονμάντεως,
977 1031 1012 1106 ὃς
1026 1032 1119 1112 ἔφησε

100 1141 160 1208 τοῖς
179 1128 392 1214 Ἡρακλείδαις·
420 1133 478 1196 άπὸ
504 1128 531 1194 δ’
554 1135 647 1196 αὐτοῦ
665 1135 814 1215 Κάρνειον
833 1128 1004 1194 Ἀπόλλωνα
1026 1149 1119 1211 προσ-

57 1256 85 1295 ιο
99 1232 302 1314 αμορεύονσιν.
330 1229 349 1310 ἡ
370 1230 401 1292 δὲ
420 1234 532 1312 ἱστορία
553 1231 633 1314 παρὰ
654 1231 820 1317 Θεοπόμπῳ
836 1225 923 1313 (fgm.
939 1233 1001 1291 321
1024 1229 1118 1289 Gren-

98 1332 250 1391 fell·Huni
266 1333 407 1391 Ητλλινιίο.
419 1324 554 1411 Οκηνίι.)·
574 1331 618 1390 ότι
636 1331 688 1392 τὸν
706 1329 798 1392 αύτὸν
816 1329 864 1390 καὶ
885 1329 944 1389 Δία
962 1327 1012 1389 καὶ
1024 1321 1117 1408 Ἡγη-

99 1451 170 1508 τορα
183 1432 325 1488 καλοῦσιν
336 1421 460 1509 Ἀρμεῖοι
475 1428 524 1489 διὰ
538 1429 570 1491 τὸ
585 1427 723 1490 κάκεῖνον
737 1425 909 1510 ἡγήσασθαι
918 1436 971 1488 τοῦ
985 1435 1119 1505 στρατοῦ.

99 1525 150 1587 τὸν
174 1517 230 1586 οὖν
249 1527 370 1605 Κάρνον
394 1528 425 1588 οί
440 1523 628 1607 Ἡρακλεῖδαι
652 1525 826 1588 ἀπέκτειναν
849 1523 1055 1606 κατερχόμενοι
1073 1523 1116 1596 είς

100 1623 332 1702 Πελοπόννησον
353 1624 550 1704 ὑπολαβόντες
568 1626 755 1687 κατάσκοπον
774 1619 851 1685 εἶναι
869 1632 922 1685 τοῦ
937 1620 1116 1704 στρατεύμα-

59 1744 85 1785 τε
100 1739 160 1795 τος·
180 1719 216 1783 δν
234 1723 356 1803 ύστερον
375 1722 516 1802 ἐτίμησαν
534 1722 594 1785 ὑπὸ
613 1728 718 1801 λοιμοῦ
738 1721 941 1804 φθειρόμενοι.

31 1859 34 1864 ·
145 1858 169 1898 ο.
192 1831 279 1912 ούτος
298 1837 313 1898 ὁ
330 1840 448 1919 Κύρνος
467 1840 570 1918 μάντις
589 1837 632 1898 διν
651 1839 745 1900 εἵπετο
764 1845 825 1911 τοῖς
840 1831 1042 1919 Ἡρακλείδαις
1060 1843 1201 1891 mum

99 1933 199 2014 άσημα
217 1937 332 2009 τούτοις
350 1937 579 2016 μαντευόμενος·
602 1937 704 1998 όντινα
722 1934 873 2017 ἕκτραπελς
891 1929 934 2008 εἷς
952 1945 1011 1997 τῶν
1026 1929 1115 2013 Ἡρα-

100 2035 234 2112 κλειδῶν,
252 2030 391 2112 Ἱππότης
410 2032 513 2112 όνομα,
531 2035 620 2118 λόγχη
640 2032 740 2113 βαλὼν
758 2031 916 2094 άπὲκτεινε.
950 2029 990 2093 δι’
1006 2030 1042 2093 ὃν
1056 2037 1116 2093 λοι-

101 2131 155 2209 μὸς
182 2129 358 2212 ἐπεκράτησε
383 2131 439 2209 τὴν
465 2132 707 2210 Πελοπόννησον.
746 2129 927 2202 ἀπελθόντες
953 2128 984 2190 δὲ
1010 2128 1116 2210 ἔλαβον

60 2253 87 2292 εο
101 2228 232 2307 χρησμὸν
246 2226 276 2299 ἐξ
288 2226 468 2300 Ἀπόλλωνος
482 2237 602 2307 τιμῆσαι
611 2229 759 2308 Κάρνειον
769 2223 952 2290 Ἀπόλλωνα·
967 2227 1016 2288 καί
1030 2238 1116 2289 τοῦτο

100 2324 276 2401 ποιήσαντες
302 2322 467 2386 ἐπαύσαντο
493 2335 546 2386 τοῦ
572 2331 686 2405 λοιμοῦ.
718 2327 828 2405 ταύτην
854 2317 910 2387 οὖν
933 2324 989 2403 τὴν
1011 2325 1117 2406 ἑορτὴν

950 2478 1045 2487 ..η-ι
1048 2479 1117 2486 ..-

172 2559 184 2602 1
202 2559 252 2604 τοῦ
269 2546 438 2612 Ἀπόλλωνος
456 2558 491 2604 K:
510 2556 549 2624 τῷ
565 2548 716 2607 Ἀπόλλωνι
735 2554 798 2608 coit.
871 2563 886 2606 λ
904 2561 1038 2621 τραγικοῦ
1057 2560 1081 2605 Κ

101 2629 115 2673 5
133 2619 239 2675 τελέσαι
253 2626 360 2685 Lm,
375 2625 514 2678 τελειῶσαι
530 2626 552 2674 U
623 2633 638 2674 ο
656 2622 758 2692 κραίνη
773 2622 852 2691 Gall„
866 2623 957 2694 κράνη
971 2624 1080 2679 Ahrens

102 2701 114 2743 7
134 2694 198 2760 posi
217 2691 297 2762 ἑορτὴ
317 2693 382 2746 add.
401 2699 535 2762 Δωρικῶς
554 2697 711 2764 (oum,
730 2695 842 2764 Δωρικὴ
861 2701 885 2762 Τ,
954 2694 1068 2763 Κρανίοε
1089 2698 1117 2749 ελ

101 2762 243 2830 Κράνειον
265 2768 367 2817 Lm
474 2775 488 2818 s
514 2765 652 2836 ἔχρησεῖ
760 2777 789 2820 1ο
814 2765 985 2840 Θεοπόμπτῳ
1004 2772 1080 2820 ΚῶΚ

100 2844 126 2887 11
152 2835 189 2898 ὡς
214 2832 270 2889 Δία
297 2836 406 2889 Ahrens
513 2848 542 2889 12
569 2838 702 2892 κάκεῖνον
726 2843 793 2892 Ru:
821 2842 963 2906 Κρανεῑον
991 2843 1116 2892 affl:

101 2904 216 2972 Κάρνον
239 2913 259 2959 Τ
366 2917 395 2959 18
418 2906 614 2979 κατερχόμενοι
637 2908 747 2978 Ziegler
768 2926 819 2977 pro
844 2928 891 2963 -ov
916 2908 1020 2963 codicis
1038 2917 1062 2962 Κ
1084 2912 1117 2962 ut

101 2980 185 3031 antea
209 2976 394 3048 ἀπερχόμενοι
412 2978 544 3033 Duebner
566 2996 617 3049 pro
639 3000 687 3036 -ον
705 2984 861 3034 ceterorum
968 2991 997 3033 ιτ
1016 2980 1117 3034 ultima

100 3048 167 3102 inde
187 3048 222 3101 ab
243 3047 275 3103 ὃν
294 3053 358 3117 post
376 3050 433 3103 sch.
449 3055 509 3104 97ε
523 3050 646 3105 habeto
699 3055 798 3120 λοιμοῦ
813 3056 896 3104 GH:
915 3055 995 3121 λιμοῦ
1015 3055 1080 3106 ceti.

101 3118 287 3188 φθειρόμενοι
304 3126 391 3173 mr:
412 3141 456 3176 -ον
476 3125 538 3176 cett.
618 3132 647 3175 1⁶
665 3140 762 3191 praem
790 3119 929 3192 ἢμῦιλλον
947 3127 1115 3177 mun:

101 3190 136 3245 τὰ
155 3192 186 3245 δὲ
201 3190 317 3258 Κάρνεα
336 3192 384 3246 καλ
404 3192 438 3261 δὴ
454 3191 581 3261 ἐφέρπει·
598 3192 677 3262 ἑορτὴ
691 3191 857 3257 Ἀπόλλωνος
870 3194 1020 3262 Καρνείου.
1040 3194 1117 3262 Κάρ-

102 3283 152 3318 νεα
172 3263 202 3317 δὲ
221 3261 327 3331 ἐλέγετο
346 3262 403 3317 ἀπό
420 3283 496 3327 τινος
510 3263 626 3333 Κάρνου
640 3267 705 3334 P('r)
761 3263 852 3320 εἵπετο
866 3271 925 3318 PT:
941 3262 1001 3321 εἷπε
1016 3269 1080 3320 cett.

102 3344 128 3386 ιτ
149 3333 254 3403 εύτημα
267 3341 311 3387 Η·
383 3345 411 3387 18
431 3333 510 3389 διδΡ
564 3332 687 3404 λιμδςΚ,
706 3339 806 3391 'rante
821 3354 889 3390 οοεε.
963 3348 991 3390 10
1011 3335 1116 3405 ἐγίνετο

102 3403 220 3474 (ἐγένετο
244 3409 273 3474 Τ)
297 3407 327 3460 ἐν
345 3414 378 3475 τῇ
398 3405 602 3477 Πελοποννήσῳ
627 3412 672 3458 ΡΤ
730 3410 795 3476 posi
817 3407 986 3478 ἐπεκράτησε
1011 3408 1117 3462 Ahrens

101 3476 172 3529 haec
192 3476 251 3528 fere
269 3476 446 3531 intercidisse
464 3480 559 3546 puiai:
585 3477 678 3550 <κατόι
696 3475 746 3533 τόν
765 3479 884 3546 στρατόν
901 3489 956 3533 τῶν
971 3477 1117 3546 Ἡρακλει·

103 3548 160 3600 δῶν
179 3548 227 3600 καλ
246 3547 405 3617 ἠνάγκασεν
424 3549 528 3612 αύτούς
545 3548 714 3621 ἀπολιπεῖν>
788 3561 815 3603 ει
835 3553 914 3620 λιμοῦ
933 3558 957 3603 Κ
