2438 3870
146 121 190 186 94
486 119 602 176 Scholia·
619 120 672 176 VII
685 125 718 174 ⁶¹1
727 119 817 173 d-62

40 300 160 345 κιυεΑτ
215 291 243 350 d.
262 287 446 362 άλκυόνεςι
470 285 591 370 ’όρννθες
613 287 787 366 θαλάσσιαι,
811 277 854 347 δν
871 293 1033 346 τικτουσῶν
1053 285 1163 367 στρών-

146 410 233 448 νυται
251 384 270 465 ἡ
289 387 434 449 θάλασσα.
470 383 604 467 λέγονται
622 383 655 446 δὲ
673 386 708 446 αί
727 381 834 466 ἡμέραι
853 381 962 444 έκεῑναι
979 381 1162 455 άλκυονίδες.

214 505 238 544 ο.
262 493 502 566 στορεσεῦντιι
525 481 591 543 άντλ
609 491 662 543 τοῦ
685 479 855 564 στορέσουσι
879 480 930 542 καλ
948 481 1111 563 στράσουσι
1128 479 1164 540 τδι

146 582 263 660 κύματα
278 580 329 642 καλ
342 584 488 661 γαληναῑα
502 580 690 660 ποιήσουσιν,
707 579 760 640 ἐάν
779 601 814 659 με
832 588 885 640 τοῦ
903 578 1010 660 ἔρωτος
1023 577 1164 658 ἐξέληται,

147 679 198 741 τὸν
216 679 366 740 Λυκίδαν.
1192 695 1204 736 s

126 807 140 849 ι
218 797 292 856 588.
317 795 429 872 φυκία
452 800 557 854 κινεῖε
581 792 678 872 φῦκός
696 791 756 854 ἐστι
774 792 806 854 τὸ
824 792 982 874 λεγόμενον
1000 791 1104 871 βρύον.

46 895 164 948 Unum
216 893 243 954 b.
268 891 365 971 φῦκός
387 891 447 953 ἐστι
469 892 501 953 τὸ
524 892 667 973 γορτῶδες
689 901 742 971 τῆς
766 891 918 968 θαλάσσης
936 887 1106 969 άπόβλημα.
1137 889 1169 950 οί

148 989 180 1052 δὲ
199 991 311 1068 φυκίον
326 989 400 1067 φασί
419 989 551 1070 βοτάνην
564 988 619 1067 τὴν
637 987 670 1049 έν
688 995 727 1072 τῷ
742 989 829 1072 βυθῷ
844 986 1015 1069 γινομένην,
1034 986 1115 1069 παρὰ
1133 987 1165 1049 τδ

149 1088 290 1166 φύεσθαι.
327 1086 419 1169 ἕτεροι
442 1085 473 1148 δὲ
497 1087 593 1164 φυκία
619 1085 693 1165 φασὶ
715 1085 749 1146 τδι
776 1084 807 1146 έν
832 1091 894 1158 τοῖς
918 1085 1063 1166 αἰγιαλοῖς
1088 1085 1166 1167 βρύα

148 1186 344 1264 κοκκινοειδῆ.
1180 1203 1205 1242 ιο

106 1296 144 1339 ΡΤ
221 1303 244 1344 c.
270 1280 310 1356 ὃς
335 1282 473 1363 ἔσχατα
498 1282 619 1360 φυκία
644 1287 759 1341 κινεῖς
787 1279 819 1341 τὸ
843 1282 955 1359 φυκίον
977 1275 1057 1354 εἶδος
1079 1279 1166 1360 βοτά-

151 1405 207 1460 νης
226 1379 293 1442 έστί.

44 1507 206 1552 ciuem?
221 1499 272 1556 59.
295 1501 467 1577 γλαυκαῑς
490 1497 662 1575 Νηρηΐσιε
685 1494 814 1572 γλανκάς
837 1493 889 1567 τὰς
910 1493 1068 1574 Νηρηίδας
1091 1491 1168 1572 φησὶ

152 1591 201 1654 διδι
218 1593 250 1654 τὸ
270 1592 302 1654 έν
321 1601 356 1677 τῇ
371 1593 508 1676 θαλάσση
524 1593 649 1673 διάγειν·
669 1591 705 1652 οὐ
719 1591 775 1672 γάρ
789 1592 845 1652 εἱσι
859 1590 984 1672 γλαυκαλ
998 1590 1049 1651 τὸν
1063 1600 1167 1673 χρῶτα.

46 1721 142 1765 tutu
221 1711 298 1769 cca.
323 1706 529 1785 έφίλαθεντ
553 1707 584 1769 τὸ
608 1707 797 1785 ἕφίλαθεν
821 1707 959 1788 Δωρικόν
978 1704 1056 1766 έστιν
1077 1703 1118 1779 ὡς
1135 1704 1168 1766 τὸ
1182 1725 1206 1767 ισ

152 1805 327 1885 ἕκόσμηθεν.
357 1800 556 1885 [Καλλίμαχος
575 1798 659 1887 (fgm.
676 1801 768 1885 [332]
789 1806 958 1880 Schneider,
976 1797 1101 1885 11544)
1120 1798 1168 1884 δὲ]

152 1902 419 1986 προπαροξυντέον.

85 2013 144 2087 w
219 2003 246 2062 b.
271 2000 459 2080 ἕφίλαθενι
482 1999 672 2080 έφιλήθησαν
690 1998 709 2079 δη
729 1999 778 2060 καλ
797 2006 961 2078 φιλοῦνται.

46 2129 143 2173 ww
221 2121 272 2179 62.
296 2117 396 2197 ὥριαε
420 2122 459 2200 τῷ
475 2110 645 2197 Ἀγεάνακτι
666 2116 843 2178 ἀποπλέοντι
860 2116 903 2190 εἰς
921 2116 1105 2194 Μιτυλήνην
1121 2114 1169 2198 γέ-

152 2237 233 2276 νοιτο
251 2216 347 2276 πάντα
361 2215 396 2275 τδι
414 2213 499 2295 ὥρια,
516 2213 612 2295 ἤγουν
626 2214 661 2275 τά
680 2214 730 2275 διὰ
749 2215 907 2296 φροντίδος
926 2213 1014 2298 αὐτῷ.
1042 2212 1061 2293 ἢ
1080 2213 1168 2294 ὥρια
1181 2227 1206 2268 2⁰

224 2378 239 2419 ο
257 2367 377 2434 Hesych.
395 2367 471 2422 Suid.
487 2365 577 2436 φυκία
632 2368 695 2421 Lex.
711 2368 824 2421 Bachm.
839 2372 900 2435 410,
915 2373 931 2418 4
1010 2377 1022 2419 ι
1041 2366 1084 2420 Et.
1101 2366 1168 2421 Gen.

151 2438 205 2509 (Et.
220 2439 260 2491 M.
274 2443 339 2505 801,
355 2440 412 2507 52):
438 2447 539 2507 φῦκος·
564 2435 595 2492 τὸ
619 2441 755 2509 χορτῶδες
778 2445 828 2506 τῆς
847 2438 993 2507 θαλάσσης
1010 2435 1167 2509 άκάβλημοι

153 2510 181 2564 ολ
201 2509 232 2564 δὲ
251 2507 355 2578 φυκίον
375 2507 447 2578 (-ίαν
465 2509 527 2579 ΑΒ)
546 2510 616 2576 φασὶ
634 2509 758 2600 βοτάνην
775 2508 827 2577 τὴν
845 2511 876 2564 ἐν
893 2515 931 2582 τῷ
947 2511 1028 2580 βυθῷ
1046 2517 1096 2580 της
1112 2512 1168 2563 θα·

153 2580 253 2649 λάσσης
276 2579 426 2649 γινομένην
449 2583 519 2648 (μεν
539 2582 588 2648 Α),
611 2580 689 2647 παρά
711 2600 743 2635 το
768 2581 905 2648 φύεσθαα
930 2580 1020 2650 φυτδν
1038 2579 1092 2650 γάρ
1112 2579 1169 2634 ἐστι

152 2651 315 2706 θαλάσσιον.
371 2651 415 2703 Et.
431 2650 475 2703 Or.
493 2655 558 2716 158,
573 2655 607 2704 20
663 2650 740 2704 Suid.
755 2660 845 2720 φῦκος

224 2796 237 2836 1
256 2785 428 2850 στρώννυται
441 2791 476 2836 K:
493 2783 672 2851 στορέννυται
686 2787 750 2837 cett.
805 2795 819 2836 2
834 2784 960 2852 λέγονται
975 2801 1051 2853 seqq.
1067 2785 1170 2839 desunt

153 2856 184 2909 in
202 2860 302 2907 um
375 2865 389 2906 8
409 2855 510 2921 στορέσ.
530 2856 578 2908 καλ
596 2856 692 2921 στρώσ.
707 2855 821 2924 scripsi:
841 2856 935 2922 στράσ.
951 2857 1000 2910 καλ
1014 2855 1117 2923 στορέσ.
1133 2863 1168 2908 K:

111 2942 114 2947 ·
153 2925 386 2993 καταστορέσουσι
412 2930 502 2980 LUA:
532 2926 781 2993 καταστορεάσουσι
808 2931 842 2979 E:
871 2926 1087 2995 καταστορέουσι
1115 2933 1134 2979 τ

153 2995 301 3067 ιμλνμτο
321 3017 353 3064 με
372 3004 395 3048 K
467 2995 698 3059 σδΑυκίδαςΚ
769 3008 798 3048 10
816 3000 988 3067 κικιννοειδη
1003 2997 1136 3053 Ducbner

154 3079 181 3120 18
205 3067 223 3120 l.
244 3085 297 3120 om.
317 3075 340 3119 K
452 3079 480 3120 14
504 3069 557 3122 είσι
581 3074 663 3122 θΡΤι
688 3084 756 3136 φησι
780 3070 844 3122 ccii.
917 3071 1013 3123 λευκαὶ
1034 3074 1135 3122 LUEA

154 3143 310 3191 KLUEAT
338 3139 447 3191 addunt
470 3139 499 3191 in
522 3140 577 3192 fine
595 3139 681 3192 verbs
702 3156 717 3192 e
741 3139 847 3192 scholio
871 3145 928 3193 cla
951 3144 984 3194 ut
1005 3143 1075 3208 puto
1097 3140 1171 3194 falso

153 3210 289 3278 repetite:
309 3208 381 3279 λέγει
399 3210 430 3264 δὲ
450 3208 616 3264 Λευκοθέαν
630 3206 800 3278 Παλαίμονα
817 3207 982 3279 Ἀφροδίτην
1054 3222 1083 3264 15
1101 3213 1171 3266 Λίο-

154 3278 233 3335 λικόν
256 3287 275 3332 Τ
365 3291 393 3333 lc
416 3297 488 3346 quae
512 3281 542 3334 in
563 3280 643 3333 libris
662 3280 795 3349 leguntur
813 3297 882 3334 sanc
901 3299 962 3336 esse
980 3282 1026 3335 vix
1043 3285 1170 3352 possunt.

155 3351 246 3406 delevi
269 3367 371 3404 nomen
390 3350 568 3419 Callimachi,
594 3352 669 3418 quod
693 3368 708 3405 e
731 3351 837 3405 scholio
863 3358 919 3406 700
945 3352 1004 3420 (ubi
1022 3358 1122 3406 Lm
1141 3353 1172 3408 ic

154 3422 413 3493 praetermiserunt)
436 3422 582 3491 irrepsisse
605 3426 683 3491 puto.
716 3423 962 3491 προπαροξυντέον
984 3424 1097 3478 restitui
1120 3442 1171 3494 pro

154 3495 307 3563 παροξύνει
325 3493 460 3547 librorum
