2446 3870
126 117 168 182 10
349 123 351 129 '
480 119 645 173 Anocdoton
664 120 782 174 Estense

71 301 107 345 τι
193 289 224 346 4.
247 284 291 347 ότι
313 282 333 365 ἡ
357 285 551 365 βουκολικὴ
573 287 720 366 ποίησις
737 288 841 368 καίπερ
861 285 897 348 οὐ
917 287 1012 366 μόνον
1030 289 1139 367 βουκο-

123 383 203 462 λιιιά,
227 381 300 445 ἀλλὰ
322 381 372 445 καὶ
390 383 528 446 αίπολικδι
546 382 596 445 καί
613 385 771 464 ποιμενικδι
789 383 963 465 περιέχουσα
983 384 1033 446 καὶ
1052 385 1139 464 μικτὰ

124 480 203 560 ὅμως
225 479 284 543 ἀπὸ
309 492 368 544 τῶν
386 485 467 562 βοῶν
484 481 730 563 ίπικρατεστὲρων
748 482 844 545 όντων
862 483 984 564 ἔσχηκεν
1002 481 1056 562 τὴν
1076 482 1139 544 ἐπι-

123 578 244 660 γραφὴν
262 579 422 661 βουκολικά
440 586 593 659 κληθεῖσα.

73 731 105 740 -
192 695 236 757 ότι
254 696 444 776 βουκόλος,
463 697 537 758 ὅθεν
554 696 605 758 καὶ
623 699 797 776 βουκολικά,
817 695 926 778 λε’γεται
944 695 960 759 δ
979 706 1038 758 τῶν
1056 700 1138 777 βοῶν
1167 719 1178 759 σ

124 793 242 874 νομεύς,
261 791 301 869 ὥς
320 794 373 874 μέν
392 818 468 869 τινες
486 805 584 868 κακῶς
602 794 634 856 τὸ
653 794 761 874 ἔτυμον
778 795 909 877 λέγοντες
923 795 1002 875 παρὰ
1016 796 1048 858 τὸ
1063 799 1138 876 βοῦς

123 891 173 953 καλ
201 893 233 955 τὸ
258 899 358 956 κονεῖν
383 887 496 976 (ῥονεῖυ
521 895 598 971 eod,
623 914 698 954 corr.
721 887 851 975 Kayser)
876 893 908 955 τὸ
935 893 1063 975 ἐνεργεῖν
1087 894 1137 956 καῖ

124 991 296 1071 διατρίβειν·
322 997 408 1053 κονεῖ
428 986 528 1074 (ρονεῖ
541 994 618 1069 σεδ,
637 1013 711 1053 corr.
730 985 824 1075 idem)
849 991 906 1074 γάρ
930 989 952 1072 ἣ
976 991 1090 1074 ἐνεργεῖ
1110 1016 1138 1053 τι

123 1087 189 1170 περί
214 1088 265 1162 τδις
288 1092 362 1169 βοῦς
385 1088 401 1151 δ
424 1089 578 1169 βουκόλος.
611 1088 651 1163 ὡς
674 1086 702 1151 δ’
728 1089 817 1172 ἕτεροι
841 1091 975 1170 κάλλιον,
1001 1090 1080 1171 παρὰ
1103 1090 1136 1152 τὸ

123 1185 260 1247 μέλεσθαι
282 1184 377 1268 ἤγουν
398 1189 591 1267 προστάσσειν
609 1194 672 1262 τοῖς
689 1187 796 1268 βουσίν
813 1185 833 1268 ἢ
852 1187 884 1249 τὸ
903 1187 1014 1250 κε’λλειν
1032 1188 1082 1250 καὶ
1101 1183 1134 1271 (ὴ
1152 1213 1177 1252 ιο

122 1287 154 1344 in
173 1305 247 1346 corr.
266 1287 428 1346 secundum
441 1287 617 1365 Mysorum,
636 1286 686 1347 καὶ
705 1306 767 1348 esse
784 1280 933 1370 suspicor)
951 1285 1061 1369 τρέχειν
1080 1287 1136 1348 σὺν

122 1389 184 1456 τοῖς
211 1385 313 1463 βουσί,
341 1384 481 1464 βοόκελος
507 1383 559 1446 καὶ
585 1385 738 1465 βουκόλος.
774 1385 937 1469 βραχύτερά
964 1408 993 1448 τε
1020 1385 1076 1467 γάρ
1101 1385 1136 1446 τὰ

123 1479 254 1560 ὀνόματα
272 1491 331 1544 τῖον
349 1482 488 1564 βημάτων
506 1483 656 1564 γίγνονται
676 1480 715 1557 ὡς
733 1481 782 1544 ἐπί
800 1482 832 1544 τὸ
851 1488 998 1563 πλεῖστον,
1017 1478 1072 1562 ἀφ’
1094 1475 1136 1544 ὧν

123 1589 297 1671 παράγεται,
320 1587 369 1649 καί
393 1587 449 1654 διδι,
464 1598 550 1652 τοῦτο
569 1590 697 1672 θάτερον
715 1571 825 1651 τῦνλλ
843 1589 984 1671 ἀπέβαλε,
1006 1589 1056 1650 καλ
1074 1590 1136 1668 άμα

122 1686 156 1748 τδι
179 1686 282 1768 ἔχοντα
299 1686 332 1748 τὸ
351 1685 369 1747 ἔ
387 1685 554 1768 ἐγκείμενον
573 1687 605 1749 ἕν
624 1694 684 1762 τοῖς
702 1688 831 1769 ῥήμασιν
850 1688 949 1770 ἔχουσι
967 1688 999 1750 τὸ
1017 1686 1035 1750 ό
1053 1687 1135 1749 ἀντι·
1151 1680 1190 1751 ιτ

121 1787 336 1865 παρακείμενον
359 1784 391 1846 ίν
414 1791 475 1859 τοῖς
499 1783 650 1866 ὀνόμασιν.
684 1787 727 1848 ότι
751 1784 783 1847 δὲ
805 1785 856 1848 καὶ
878 1786 968 1848 κίλλω
991 1786 1024 1849 τὸ
1047 1785 1135 1868 τρέχω

121 1881 241 1964 λέγεται,
256 1882 273 1944 ό
286 1905 315 1944 τε
329 1882 415 1962 κέλης
429 1881 445 1944 δ
460 1884 601 1963 δρομαῖος
615 1885 706 1957 ίππος
717 1879 838 1967 (ίππεῦς
848 1888 920 1962 τοῦ,
936 1906 1008 1946 corr.
1019 1887 1136 1963 Kayser

125 1985 164 2042 79
184 2004 212 2042 n.
229 1975 263 2065 2)
290 1984 380 2062 δηλοῖ
397 1980 446 2044 καί
468 1982 500 2044 τὸ
525 1981 660 2064 νωχελίς,
683 1981 742 2046 ἀπὸ
763 1993 816 2044 τοῦ
833 1982 880 2046 ὦ
897 1993 1066 2065 στερητικοῦ
1085 1983 1135 2045 καὶ

121 2090 174 2143 τοῦ
197 2080 287 2143 κέλλω
306 2083 512 2163 συγκείμενον,
535 2090 628 2168 τροπῇ
648 2092 700 2144 τοῦ
718 2079 737 2143 κ
755 2081 797 2156 είς
815 2107 840 2162 χ.
873 2081 976 2163 ἀριστα
995 2081 1027 2144 δὲ
1046 2080 1062 2143 δ
1080 2085 1134 2144 Δί-

123 2180 215 2258 δυμος
238 2180 354 2261 εἴρηκεν
373 2179 431 2241 ἀπὸ
451 2188 504 2242 τοῦ
521 2182 595 2260 βοῦς
613 2179 662 2242 καί
681 2189 734 2243 τοῦ
752 2178 848 2259 κομὲω
867 2207 901 2232 ω
920 2190 1002 2260 κομῶ
1020 2181 1053 2243 τὸ
1071 2181 1134 2243 ἐπι·
1148 2202 1175 2242 το

122 2281 266 2356 μελοῦμαι
282 2278 479 2359 παράγεσθαι,
497 2279 647 2359 βουκόμος
664 2277 715 2340 καὶ
733 2279 887 2359 βουκόλος,
905 2278 1002 2361 ὥσπερ
1020 2278 1070 2340 καί
1087 2280 1100 2340 ί
1121 2317 1134 2325 -

121 2374 261 2454 ποκόμος.
303 2377 339 2452 of.
359 2377 407 2436 Et.
427 2376 496 2436 Gen.
517 2377 555 2436 ad
575 2376 621 2437 Oa
639 2378 688 2438 eit.
711 2408 758 2422 ··-
778 2379 827 2438 Et.
845 2378 884 2436 M.
906 2379 983 2455 608,
1002 2381 1134 2438 311-34

122 2466 172 2554 (of.
190 2467 284 2556 Gen).

68 2603 104 2647 σι
188 2589 216 2649 εί
237 2586 269 2649 δὲ
291 2587 341 2650 καί
365 2587 422 2650 ἀπὸ
446 2598 499 2650 τοῦ
521 2588 613 2671 κορὲω
632 2616 667 2640 ‘v
685 2598 763 2669 κορῦ
786 2589 940 2670 παράξεις,
965 2588 1054 2653 οὐδὲν
1077 2589 1134 2651 ἀπ-

121 2685 239 2758 εικότως
261 2685 335 2766 ἐρεῖς
357 2687 506 2769 βουκόρον
524 2685 616 2770 λέγων
634 2685 684 2748 καὶ
702 2686 857 2767 βουκόλον.
889 2686 921 2749 ἐν
939 2687 1059 2774 ἑκατέρη
1076 2688 1133 2770 γάρ
1147 2711 1174 2751 ετ

121 2794 281 2869 παραγωγῇ
295 2783 478 2866 ἀμετάβολον
491 2786 534 2858 είς
548 2785 731 2866 ἀμετάβολον
740 2783 882 2866 τρέπεται,
896 2785 951 2848 οῦκ
961 2785 1079 2872 ἀπᾷδον
1090 2785 1133 2848 όν.

68 2939 103 2983 σε
189 2930 217 2988 5.
242 2927 283 2988 ότι
303 2927 352 2988 καλ
372 2928 574 3009 ἐπίγραμμα
588 2922 847 3010 Ἀρτεμιδώρου
863 2937 1066 3010 γραμματικοῦ
1080 2927 1133 3004 φέ-

121 3047 200 3107 ρεται
217 3025 282 3088 τόδε
301 3024 348 3085 ἐπὶ
367 3035 401 3109 τῇ
422 3024 556 3106 ἀθροίσει
574 3035 633 3086 τῶν
652 3029 836 3105 βουκολικῦον
854 3025 1041 3105 ποιημάτων·

188 3157 350 3219 Βωκολικαλ
370 3163 469 3236 μοῖσαι
488 3158 633 3239 σποράδες
650 3160 743 3238 ποκά,
763 3156 822 3220 νῦν
839 3153 867 3220 δ’
889 3159 950 3237 άμα
968 3167 1060 3217 πᾶσαι

231 3255 291 3318 ἕντλ
310 3266 378 3335 μιῦς
396 3254 542 3336 μάνδρας,
561 3254 619 3316 ίντλ
640 3266 708 3334 μιᾶς
726 3255 840 3337 ἀγέλης.
1146 3288 1172 3326 ³0

69 3435 100 3444 -
188 3401 232 3461 ότι
250 3398 282 3462 ἐκ
299 3410 352 3462 τοῦ
371 3397 585 3481 προειρημένου
603 3397 820 3481 ἕπιγράιυυτυ,
836 3395 1049 3458 'mmmmm
1066 3414 1132 3458 στο-

120 3493 230 3578 χάσαιτ’
256 3496 294 3560 ἀν
316 3522 374 3580 τις,
397 3495 458 3581 [ότι
476 3499 521 3552 δα]
546 3498 647 3558 Κονῆε
663 3493 675 3516 ³
709 3520 749 3548 ευ·
926 3531 933 3540 ·
1021 3499 1034 3548 ί
1063 3497 1131 3555 βου-
