2438 3870
127 143 168 208 12
480 104 645 199 Anecdoten
664 143 781 198 Ketenee

125 312 203 391 ὅμως
222 311 301 398 αύτῷ
318 311 349 372 τὸ
369 309 507 392 ἀνθηρὸν
525 320 584 371 τῶν
598 311 693 392 λόγων
707 305 796 391 είδος,
815 306 884 391 ‘dee
898 311 982 393 χάριν
997 309 1073 391 δμοῦ
1088 312 1137 373 καὶ

124 410 228 481 κάλλος
248 408 314 489 έχον
332 407 429 490 τέρπει
446 408 495 470 καὶ
514 409 579 488 ῆδει
598 408 694 491 ὥσπερ
713 407 809 483 ἀνθος
827 408 897 482 τοὺς
914 407 1066 491 ἀκροατάς.
1100 413 1136 471 ef.

124 509 239 585 Kayser
258 511 300 568 80
308 527 388 585 seqq.

72 650 124 707 fn„
195 646 221 702 7.
247 641 291 702 ότι
314 642 427 722 Δωρίδι
449 639 619 726 διαλέκτῳ
641 651 744 723 χρῆται
765 641 801 702 οὐ
820 640 923 721 μόνον,
943 640 1018 702 διότι
1035 645 1137 722 Συρα-

124 741 244 812 κούσιος
262 733 311 820 ῆν,
330 741 360 801 οἳ
372 744 498 821 Δωριεῖς
519 731 604 819 ἦσαν,
623 735 689 800 οὐδ’
711 738 755 800 ότι
774 738 823 800 διά
842 739 950 818 ταύτης
964 743 1075 818 μᾶλλον
1089 764 1136 819 μι-
1165 764 1177 804 ο

125 843 219 918 μεῖται
243 836 295 910 τὰς
318 847 377 898 τῶν
399 835 547 920 ἀγροίκων
570 838 675 916 φωνάς
697 871 733 880 -
755 848 858 918 χρῆται
880 837 936 919 γάρ
959 836 1034 916 αύτη
1058 836 1138 922 τῷᾶ

124 935 173 996 καὶ
201 941 239 1019 τῷ
266 934 390 1016 ὦ-μέγα
417 934 452 995 τά
479 936 585 1013 πολλά,
613 933 633 994 ἀ
656 935 693 1014 δῆ
717 939 840 1015 παχεῖαν
867 934 1055 1017 ἀπεργάζεται
1082 934 1137 1013 τῆν

125 1033 232 1112 φωνὴν
246 1033 295 1094 άτε
309 1033 516 1114 προφερόμενα
530 1041 583 1094 τοῦ
597 1032 739 1112 στόματος
751 1033 795 1094 ὅτι
805 1032 927 1112 μάλιστα
936 1029 1136 1118 ἠνεῳγμένον,

126 1132 246 1209 τοιαύτη
262 1128 357 1192 δὲκαὶ
371 1127 390 1209 ἡ
405 1139 464 1192 τῶν
478 1129 624 1211 ἀγροίκων
639 1131 727 1209 φωνή
742 1165 795 1210 -,
810 1124 871 1190 ἀλλ’
890 1131 933 1192 ότι
948 1126 1010 1211 [καὶ
1024 1126 1135 1211 delevi]

125 1218 145 1314 ᾖ
163 1227 201 1289 ἀν
219 1227 291 1314 άλλη
309 1227 389 1308 παρὰ
407 1229 518 1306 ταύτην
536 1227 585 1288 καὶ
603 1228 658 1307 τῆν
678 1228 803 1289 Αἰολίδα
821 1227 970 1310 ἐχρήσατο,
988 1225 1008 1307 ἢ
1027 1225 1137 1302 λέξεσιν
1152 1254 1178 1293 το

127 1323 273 1408 (ῆλσέεσιν
296 1328 372 1402 στοά,
398 1346 470 1386 corr.
490 1320 589 1408 Marx)
617 1325 749 1403 ὑψηλαῖς
776 1324 814 1386 διν
841 1323 980 1406 ἐχρήσατο
1003 1331 1067 1399 ταῖς
1089 1325 1103 1387 έ
1123 1363 1136 1371 -

127 1425 221 1496 νοίαις
249 1423 286 1485 ού
310 1424 540 1503 προσηκούσαις,
568 1423 637 1504 ὅπερ
664 1433 723 1484 τῶν
748 1422 865 1485 ἀτόπων
883 1422 976 1502 ἐστίν,
1001 1421 1136 1507 ῆπάντη

126 1520 321 1600 ἀφελέστατον
338 1520 377 1582 ἀν
392 1519 562 1600 ἐπεποιήκει
575 1521 626 1582 τὸν
640 1521 728 1602 λόγον
742 1519 791 1582 καὶ
805 1520 945 1602 ἀγροῖκον
959 1520 1137 1603 αὐτόχρημα.

126 1617 145 1698 ἡ
166 1617 198 1680 δὲ
217 1618 315 1700 Δωρὶς
333 1619 481 1693 διάλεκτος
499 1625 538 1703 τῷ
554 1619 595 1698 μὴ
614 1618 871 1699 κατημαξευμένας
889 1619 964 1699 ἔχειν
982 1618 1034 1693 τὰς
1048 1618 1137 1693 λέξεις

127 1715 202 1796 δμοῦ
220 1740 249 1777 τε
268 1722 396 1796 μιμεῖται
413 1717 456 1789 εἰς
473 1714 565 1796 ἀκρον
583 1714 752 1798 <ἀγροίκων
770 1716 885 1796 δμιλίας
904 1719 1005 1778 addidi
1024 1737 1039 1777 e
1059 1716 1079 1794 ξ
1096 1716 1137 1797 1>
1152 1741 1177 1781 rs

126 1813 254 1888 ἐννοίαις
267 1814 401 1897 χρωμένη
415 1820 582 1894 χθαμαλαῖς
595 1814 646 1876 καῖ
659 1812 774 1894 ἡδονὴν
789 1815 844 1877 ούκ
858 1813 959 1897 ὀλίγην
971 1814 1021 1877 καὶ
1030 1815 1137 1898 τέρψιν

125 1911 277 1996 ἀγροικίας
300 1910 376 1991 δμοῦ
398 1912 448 1974 καῖ
470 1923 626 1993 ποιητικῆς
648 1913 798 1993 ἐμμελείας
816 1913 924 1992 μεστῆν
941 1912 1058 1996 παρέχει
1075 1920 1138 1986 τοῖς

125 2009 290 2092 ἀκροαταῖς.
322 2021 425 2094 χρῆται
448 2004 476 2071 δ’
503 2005 567 2072 ἴσθ’
590 2011 635 2072 ὅτε
654 2010 703 2071 καὶ
721 2012 853 2090 Αἰολίδι,
877 2013 1007 2085 σπανίως
1024 2035 1057 2093 γε
1076 2010 1137 2092 μὴν

126 2109 175 2169 διὰ
193 2109 225 2170 τό
240 2108 356 2190 Δωριέα
374 2103 459 2190 εἶναι,
478 2108 534 2171 ούκ
548 2108 664 2171 Αἰολέα,
697 2108 747 2170 καὶ
762 2103 834 2170 Ἰάδι
852 2119 963 2190 χρῆται,
981 2108 1136 2195 καὶταύτῃ

125 2208 266 2286 σπανίως,
286 2206 404 2268 ἐπειδάν
423 2207 569 2289 ἀνεγεῖραι
587 2208 730 2287 βούληται
747 2207 799 2270 τὸν
812 2217 888 2268 νοῦν
902 2218 960 2268 τῶν
974 2206 1136 2290 ἀκροατῶν.
1150 2231 1177 2271 το

126 2305 232 2383 διπλῆς
251 2302 283 2364 δὲ
302 2302 393 2383 ούσης
413 2301 477 2385 [καὶ
495 2301 605 2386 delevi]
624 2316 677 2385 τῆς
695 2307 845 2386 Δωρίδος,
869 2304 918 2366 καὶ
936 2314 988 2384 τῆς
1008 2303 1061 2384 μὲν
1079 2327 1137 2366 πα-

125 2401 275 2483 λαιοτέρας
293 2400 385 2480 ούσης
403 2401 453 2462 καὶ
467 2405 599 2484 τραχείας
613 2401 688 2482 δμοῦ
703 2403 752 2463 καὶ
767 2403 943 2480 δυσνοήτον,
961 2391 982 2486 ᾗ
996 2402 1136 2482 ἐχρήσατο

125 2501 265 2583 Σώφρων
283 2499 333 2560 καὶ
349 2493 536 2582 Ἐπίχαρμος,
555 2499 682 2579 θατέρας
702 2497 733 2560 δέ
749 2497 944 2580 εύκολωτέρας
957 2498 1006 2559 καῖ
1020 2505 1137 2577 μαλθα-

125 2596 262 2680 κωτέρας,
280 2595 436 2676 ἀνειμένης
453 2621 483 2658 τε
502 2597 551 2658 καὶ
569 2602 724 2677 χθαμαλῆς
744 2601 864 2676 μᾶλλον,
883 2595 971 2670 αύτδς
989 2596 1044 2674 τῆν
1063 2619 1137 2681 προ-

124 2694 210 2777 τέραν
235 2692 274 2768 ὡς
298 2693 521 2777 δυσχερεστέραν
543 2693 711 2755 καταλιπὼν
734 2693 789 2773 τῆν
812 2692 951 2775 δευτέραν
971 2691 1135 2767 ἀσπάζεται.
1151 2719 1177 2758 ιτ

72 2863 103 2905 ῃ
193 2833 222 2890 8.
246 2828 290 2889 ότι
308 2827 484 2906 είδύλλια,
507 2821 628 2888 ἀλλὀὐ
650 2827 805 2909 διαλόγους
823 2833 945 2890 καλοῦσι
963 2820 1138 2910 (καλοῦνται

125 2929 197 3002 eod„
217 2947 289 2987 cerr.
304 2918 433 3007 Kayser)
452 2925 487 2985 τὰ
505 2925 666 3005 βονκολικά
684 2927 845 3005 ποιήματα·
864 2927 959 2987 καίτοι
977 2923 1138 3007 διαλέγεται

124 3023 256 3084 ἐνταῦθα
266 3023 419 3106 πρόσωπα,
433 3022 529 3103 ὥσπερ
539 3021 595 3083 κάν
605 3029 666 3096 τοῖς
676 3029 850 3084 Λουκιανοῦ
861 3024 1016 3104 διαλόγοις.
1034 3022 1136 3100 ἐπειδὴ

124 3121 179 3203 γάρ
204 3122 340 3202 διάλογος
364 3119 459 3199 ὄνομα
483 3121 537 3182 οὐκ
560 3118 599 3181 ἀν
620 3121 726 3200 ῆρμοζε
749 3131 820 3182 πᾶσι
840 3127 901 3194 τοῖς
919 3121 1074 3193 εἰδυλλίοις
1092 3154 1137 3163 -

124 3218 218 3280 πολλά
235 3218 291 3301 γάρ
310 3217 407 3279 αὐτῶν
426 3218 482 3279 οὐκ
500 3217 555 3279 εἰσὶ
573 3219 727 3300 διαλογικά
747 3253 801 3294 -,
820 3211 859 3297 ῆν
878 3217 916 3280 ἀν
935 3211 990 3279 οὗν
1008 3216 1136 3300 ἀπρεπές
1151 3252 1179 3291 30

125 3316 178 3396 ούχ
196 3316 240 3378 ένὶ
258 3322 363 3402 γενικῷ
380 3313 511 3396 ὀνόματι,
529 3314 602 3377 ἀλλά
619 3317 733 3378 πλείοσι
751 3316 908 3398 διαφόροις
926 3312 1088 3398 ἐπιγράψαι
1101 3315 1137 3376 τὰ

125 3415 217 3476 οίκεῖα
240 3415 397 3493 ποιήματα.
433 3413 481 3474 διά
504 3424 589 3475 τοῦτο
613 3415 742 3475 οίδύλλια
765 3413 979 3495 ύπεγράφησαν
1002 3408 1136 3495 (ύπεργρ.

126 3514 201 3590 ουδ,
228 3511 361 3595 ύπερεγρ.
386 3506 516 3595 Kayser)
546 3511 636 3574 οῖονεῖ
659 3511 749 3593 μικρά
772 3513 845 3590 εἴδη.
881 3512 944 3590 εἴδη
967 3510 1023 3593 γάρ
1046 3511 1137 3592 λόγου
