2438 3870
147 119 211 184 338
501 122 606 192 Σαρηε
627 121 802 194 ητα-ηομ

46 299 137 344 λιιι.Μ
213 290 239 350 b.
268 288 437 363 Οὐδενὸς
464 289 683 371 εὐνάτειραε
708 288 727 369 ἡ
751 289 923 368 Πηνελόπη·
952 286 1041 362 Οότις
1063 287 1122 372 γὰρ
1148 285 1165 352 ό

143 380 309 461 Ὀδυσσεύς.

72 497 136 542 λιιυι.
213 507 236 547 ο.
260 485 584 568 Μακραπτολέμοια
613 485 649 549 δὲ
675 487 801 568 μήτηρε
828 484 847 566 ἡ
872 486 959 565 αὐτή·
983 485 1080 568 μήτηρ
1102 487 1162 570 γὰρ

149 584 331 665 Τηλεμάχου·
351 584 382 646 τὸ
402 582 433 645 δέ
452 589 518 664 τῆλε
537 586 652 666 μακράν
670 583 758 665 ἔστιν,
777 587 853 666 μάχη
874 583 906 647 δέ
925 582 940 646 ὅ
959 585 1096 664 πόλεμος.

37 693 168 740 ament!
215 686 242 743 3.
262 681 341 762 οὐχὶ
356 682 553 762 Κεράστανε
572 682 657 765 κέρας
676 681 786 762 έστίνη
807 684 875 764 θρίξ
894 683 923 762 <.
939 731 945 743 .
961 679 997 762 ..>
1021 682 1085 745 έπεί
1103 679 1162 748 οὖν
1187 705 1198 746 1

145 778 204 840 ὑπὸ
223 789 275 859 τῆς
289 780 466 859 Πηνελόπης
484 789 661 862 γεγενῆσθαι
680 781 802 843 αἰπόλον
821 781 890 861 έφη,
909 781 968 842 έστι
987 779 1018 841 δὲ
1035 782 1161 858 αἰπόλος

144 877 194 938 καλ
213 876 227 938 ὁ
243 879 393 957 Κομάτας,
412 871 448 939 οὗ
467 877 611 959 μέμνηται
630 876 645 939 ό
664 877 753 952 αὐτὸς
771 879 896 958 ποιητὴς
914 877 946 940 έν
965 884 1026 952 ταῖς
1041 882 1160 942 Βουκο-

144 979 236 1049 λικοῖς
257 971 329 1058 (VII
349 971 510 1059 83-85)‚
532 976 574 1037 ότι
593 976 837 1038 ιιαταιιλεισθέντα
855 976 946 1038 αὐτὸν
964 977 1006 1049 εἰς
1024 976 1160 1058 λάρνακα

144 1073 279 1155 έθρεφαν
294 1073 434 1153 μέλισσαι,
452 1073 501 1136 διὰ
515 1084 601 1134 ταῦτα
615 1068 696 1135 εἶπεν
711 1074 754 1135 ότι
769 1074 834 1156 αόχί
847 1074 898 1136 τὸν
912 1075 1055 1153 Κομάταν
1069 1073 1173 1157 λέγει’·

143 1173 393 1254 ταυραπάταρα
413 1170 444 1233 δὲ
461 1168 541 1234 εἰπεν
555 1172 610 1251 την
624 1172 773 1253 μέλισσαν,
791 1172 890 1252 ἐπειδὴ
906 1171 1082 1252 σηπομένων
1097 1184 1158 1236 τῶν
1174 1195 1199 1237 ιο

144 1270 261 1350 ταύρων
280 1271 414 1348 μελίσσας
434 1270 507 1348 φασὶ
525 1271 670 1350 γίνεσθαι.

210 1372 239 1428 4.
262 1363 333 1428 ἀλλ’
355 1362 395 1429 οὗ
418 1368 573 1440 πιλιπέςε
599 1363 661 1429 ἀλλ’
683 1368 796 1430 ἐκεῖνον
817 1369 867 1430 τὸν
890 1369 1024 1450 αἰπόλον,
1047 1367 1080 1443 ὃς
1105 1381 1158 1451 τῆς

143 1467 255 1540 Πίτυας
273 1465 402 1547 ἠράσθη.
430 1464 572 1540 πιλιπὲς
592 1465 623 1528 δέ
641 1465 748 1548 τέρμα
771 1468 903 1540 σάιιους
923 1461 1005 1530 εἶπεν
1022 1468 1078 1547 τὴν
1097 1471 1158 1530 Πί-

141 1588 206 1642 τυν,
227 1563 327 1642 ἐπειδὴ
347 1562 365 1643 ἡ
385 1564 511 1643 έξωτάτη
530 1564 699 1646 περιφέρεια
717 1575 770 1644 τῆς
788 1564 913 1640 ἀσπίδος
932 1567 995 1639 ἴτυς
1012 1571 1157 1628 καλεῖται·

141 1661 262 1722 έλλείπει
281 1654 337 1722 οὖν
356 1661 430 1745 αὐτῇ
449 1662 480 1723 τὸ
499 1661 521 1722 ἷτ
539 1662 613 1744 πρὸς
632 1661 663 1722 τὸ
683 1658 758 1726 εἰναι
777 1665 873 1724 πίτυν.
1174 1687 1199 1728 ιε

210 1755 291 1838 5s61.
316 1755 440 1839 οὔνομ’
457 1756 560 1820 ’Όλον
584 1762 723 1846 δίζῳανε
751 1763 856 1847 δίζφαν
875 1754 930 1823 οὗν
948 1759 1037 1822 αὐτὸν
1059 1753 1156 1841 εἶπεν,

141 1856 240 1938 ἐπειδὴ
262 1859 315 1920 δύο
335 1853 418 1943 ζῴων
436 1853 515 1932 εἶδος
533 1859 599 1939 έχει,
619 1857 784 1940 ἀνθρώπου
802 1859 852 1920 ιιαλ
870 1861 986 1941 τράγου.

207 1958 235 2018 b.
259 1953 298 2030 ὃς
321 1967 385 2030 τᾶς
412 1956 577 2039 μέροπας
600 1957 742 2020 πόθανε
766 1954 799 2032 ὃς
822 1968 874 2038 τῆς
893 1952 999 2038 Ἠχοῦς
1021 1954 1156 2039 ἠράσθη.

141 2048 202 2116 εἰπε
218 2052 248 2115 δὲ
268 2055 362 2133 αὐτην
382 2054 517 2136 μέραπα
536 2054 594 2116 άπὸ
613 2065 665 2116 τοῦ
685 2055 724 2135 μη
744 2056 817 2134 ὅλην
831 2054 1084 2137 ἀντιφθέγγεσθαι
1098 2055 1157 2135 την

141 2153 263 2232 φωνήν,
289 2152 362 2214 ἀλλὰ
385 2152 472 2236 μέρος
495 2154 526 2216 τὸ
550 2158 726 2214 τελευταῖον·
753 2153 958 2235 γηρυγόνην
981 2151 1028 2230 δέ,
1051 2150 1156 2233 ἐπειδὴ
1171 2177 1198 2219 10

140 2248 172 2310 έιι
191 2260 242 2328 της
261 2251 372 2332 γήραος
390 2250 518 2312 τουτέστι
536 2261 588 2331 τῆς
607 2262 711 2332 φωνῆς
729 2252 784 2331 την
797 2249 911 2332 γένεσιν
930 2251 1085 2331 λαμβάνει·
1106 2251 1156 2312 διὸ
1191 2303 1193 2306 .

141 2347 190 2408 καὶ
209 2346 348 2426 ιἰνεμιόδ
354 2373 395 2427 ης
414 2348 542 2410 τουτέστι
561 2351 751 2428 πνευματική.

211 2477 239 2519 10
258 2467 292 2520 cf.
309 2465 379 2520 0101
398 2469 552 2523 Ιλααί-Ειιο.
569 2469 594 2522 ιλ.
610 2471 687 2523 class.
704 2467 775 2522 Ale?
790 2470 851 2522 111
863 2474 888 2534 1,
902 2473 956 2524 434

211 2581 261 2636 51.
281 2585 310 2637 αλ
332 2583 535 2651 κέρας-θρίξ
559 2601 611 2639 om.
627 2590 714 2638 UEM.
743 2585 844 2638 deinde
867 2585 997 2639 lacunam
1019 2584 1155 2656 indicavi,

140 2669 225 2722 quam
244 2654 356 2723 expleas
375 2656 419 2709 his
439 2655 497 2710 fere
515 2656 619 2710 verbis:
639 2657 706 2722 θρὶξ
726 2655 758 2710 δέ
775 2658 849 2710 ἐστιν
866 2657 884 2726 ἡ
901 2653 985 2726 κόμη·
1005 2655 1155 2723 Κεράσταν

140 2722 192 2780 οὖν
210 2721 270 2779 εἰπε
289 2723 338 2780 τὸν
357 2726 491 2795 Κομάταν
555 2726 801 2796 έπεί-Κομάτας
818 2733 910 2780 Διιτλι.;
934 2727 986 2783 ὃόο
1005 2727 1153 2797 κεράστας,

139 2795 176 2859 ὥς
195 2813 289 2866 φασιν,
308 2796 326 2866 ἡ
340 2799 488 2867 Πηνελόπη
509 2797 591 2866 έτιιιε,
609 2796 659 2853 τὸν
672 2801 758 2852 Πᾶνα
773 2796 886 2854 καὶτὸν
899 2798 1034 2868 Κομάταν
1048 2801 1114 2854 cett.

140 2879 151 2919 ι
172 2868 187 2922 ὁ
207 2866 291 2930 αὐτὸς
308 2869 425 2938 ποιητὴς
448 2885 501 2922 om.
516 2873 595 2921 UEM
702 2880 717 2923 9
740 2866 782 2924 ὅτι
799 2871 861 2941 οόχί
879 2875 971 2924 Ante:
995 2871 1029 2925 οό
1048 2872 1114 2925 cett.

139 2951 166 2992 ιε
184 2943 249 3008 post
267 2937 386 2995 αἰπόλον
406 2940 469 2994 add.
484 2945 576 2994 UEM:
596 2938 728 3003 ἀπέλιπες
747 2941 787 3011 (id
806 2942 882 3009 quod
900 2941 931 2995 in
944 2940 1035 2995 verbis
1048 2946 1152 3011 poetae

139 3011 281 3080 exhibent)
300 3012 349 3065 καὶ
369 3011 457 3073 ἔτεκες
475 3012 523 3065 καὶ
543 3010 639 3074 εἴασας
657 3016 706 3082 ζῆν
726 3029 758 3066 συ
776 3017 907 3068 θανοῦσα
1009 3023 1039 3066 18
1060 3010 1153 3078 Ἰτυος

139 3084 167 3134 θλ
180 3080 255 3136 Ἴτυν
269 3087 349 3134 ῐλΕΜ
402 3082 487 3152 τέρμα
502 3081 533 3137 δέ
548 3081 651 3146 σάκους
664 3085 766 3137 omisso
781 3082 891 3146 πιλιτιὲς
902 3084 989 3138 iidem
1060 3095 1088 3137 15
1107 3087 1153 3141 έλ·

138 3151 224 3207 λείπει
243 3171 318 3222 seqq.
334 3171 387 3207 0111.
402 3159 481 3206 um
562 3165 588 3206 17
609 3154 701 3209 ἔπειθ’
725 3156 776 3210 δύο
795 3154 871 3220 ζώων
889 3151 963 3218 εἶδος
982 3155 1036 3226 ἔχει
1055 3160 1150 3212 mle:

139 3222 181 3278 ότι
200 3223 309 3289 όίζαος·
330 3225 383 3294 ἔχει
402 3224 454 3294 γάρ
474 3220 549 3287 εἶδος
567 3228 600 3280 U:
620 3223 663 3280 ότι
681 3175 755 3289 εἰὸος
775 3210 831 3298 ἰχόι
849 3232 902 3279 ΕΜ
974 3237 1002 3280 le
1020 3222 1099 3283 εἶπεν
1119 3229 1152 3284 δὲ

138 3297 225 3364 αὐτὴν
244 3297 351 3364 μέραπα
371 3295 501 3364 (μέροπας
519 3297 589 3363 ασελ,
609 3313 677 3351 corr.
693 3297 795 3366 Bergk)
815 3295 871 3353 ἀπὸ
890 3307 939 3353 τοῦ
958 3297 995 3368 μὴ
1014 3295 1080 3366 όλην
1099 3300 1150 3354 άν·

137 3367 344 3437 τιφθέγγεσθαι
369 3372 461 3422 Λυσιας
490 3365 549 3436 ἥτις
577 3370 628 3439 οόχ
652 3368 719 3439 όλην
746 3369 899 3439 φθέγγεται
928 3369 1092 3438 (φθέγξεται
1118 3375 1150 3441 u)

138 3441 203 3492 cett.
276 3449 304 3491 21
321 3439 457 3509 λαμβάνει
474 3443 566 3492 Μόλις
590 3439 645 3510 ἔχει
663 3442 728 3494 cett.
806 3451 835 3493 11
854 3441 983 3510 άνεμάθη
1002 3436 1080 3496 εἶπεν
1099 3444 1151 3498 αό-

137 3509 188 3577 την
207 3510 255 3562 καλ
274 3509 463 3578 πνευματικήν
482 3514 562 3562 m
