2438 3870
84 135 120 188 VI
501 135 643 189 Praefatio
662 137 674 187 Ι

83 321 142 378 que
156 305 271 361 textum
280 303 447 362 Romanum
462 306 603 362 uteretur.
624 303 662 362 Zi
672 304 770 382 egler
784 306 894 378 autem,
909 323 975 364 cum
985 305 1102 364 scholia

84 391 193 450 codicis
211 391 400 452 Ambrosiani
421 393 484 450 886
505 393 569 451 1011
588 392 735 470 vulgaret,
753 393 785 450 id
804 395 922 451 tantum
941 395 1100 470 spectavit,

83 483 118 539 ut
136 480 276 538 Ahrensii
299 481 460 540 editionem
484 501 518 538 ex
541 482 596 540 hac
615 485 700 557 parte
720 483 880 556 suppleret.
913 483 1102 542 desideratur

84 571 180 647 igitur
197 587 291 646 usque
310 570 347 627 ad
366 571 444 629 huno
462 569 550 648 diem,
565 573 603 628 ut
619 572 732 629 scholia
745 573 778 629 in
792 572 981 630 Theocritum
996 574 1101 631 vetera

84 658 208 717 abiectis
227 659 440 718 recentioribus
460 678 494 717 ex
513 660 634 734 optimis
654 659 803 718 codicibus
823 665 961 719 accurate
980 661 1100 720 collatis

83 747 115 804 in
134 747 230 806 lucem
249 747 382 806 edantur.
416 748 495 824 quod
513 748 598 807 nobis
618 750 806 824 propositum
825 752 878 808 est.

578 979 602 1037 Ι.

152 1103 194 1161 Η1
216 1106 285 1161 sunt
303 1102 431 1177 codices,
456 1103 561 1178 quibus
582 1104 707 1179 antiqua
724 1105 756 1162 in
776 1104 965 1163 Theocritum
985 1106 1100 1165 scholia

77 1193 245 1278 ⁸praecipue
264 1195 383 1250 servata
402 1184 519 1273 suntzl)

58 1328 74 1371 11
146 1320 394 1375 Ambrosianus
409 1323 473 1376 886
491 1321 526 1383 (0
543 1323 605 1375 222
621 1321 694 1384 inf.)
709 1337 784 1375 saec.
796 1318 878 1376 XIII.
897 1318 975 1377 hunc
989 1318 1100 1377 librum

85 1406 307 1465 celeberrimum
331 1409 497 1465 accuratius
522 1407 739 1482 descripserunt
757 1407 795 1464 H.
810 1406 878 1465 Keil
896 1408 1001 1467 Rber'a.
1015 1409 1098 1466 Mac.

84 1496 125 1554 N.
136 1496 170 1552 F.
188 1498 216 1563 6,
232 1496 327 1562 1848,
343 1497 535 1566 108-110,·
556 1495 740 1553 Studemund
758 1494 869 1554 lueet.
884 1499 971 1555 caria
982 1515 1100 1570 praeca,

88 1587 183 1652 1886,
193 1583 369 1643 237-247
376 1605 387 1654 ;
405 1583 440 1640 K.
456 1585 567 1643 Zaoher
585 1585 691 1643 Jahrb.
705 1585 727 1656 f.
742 1584 1099 1659 class.Ptil.,Suppl.16‚

88 1675 183 1740 1888,
194 1673 256 1730 580
262 1693 273 1744 ,·
283 1671 316 1731 O.
324 1673 468 1730 Schrbder
476 1674 580 1731 Putet.
590 1673 640 1740 54,
648 1673 929 1741 rocam—278
936 1694 947 1745 ,·
955 1674 1099 1733 Wilamo-

85 1762 155 1820 witn
176 1762 272 1833 Texip.
290 1763 316 1818 6.
355 1763 487 1820 continet
505 1761 586 1820 foliis
610 1763 672 1820 339
684 1762 813 1820 1-361
825 1781 857 1819 v:
876 1760 1099 1839 Prolegomena,

86 1851 193 1926 idyllia
206 1849 308 1925 LVII,
323 1850 464 1926 III-VI,
476 1849 677 1925 VHI—XIII,
687 1849 727 1924 ΙΙ,
741 1849 820 1924 XIV,
834 1851 899 1925 XV,
913 1850 1009 1925 XVII,
1018 1853 1099 1926 XVI,

86 1939 196 2012 XXIX,
221 1939 451 2015 epigrammata,
475 1938 561 2014 Alae,
586 1938 731 2013 Securim,
756 1941 855 1996 omnia
874 1940 928 1998 sub
948 1940 1099 1999 Theocriti

86 2030 206 2087 nomine
234 2031 264 2086 et
291 2029 421 2087 numeris
449 2023 582 2086 α’-κα’
607 2027 771 2105 designata.
811 2029 924 2087 scholia
949 2029 1099 2104 adscripta

87 2120 159 2176 sunt
177 2116 312 2176 omnibus
334 2117 512 2176 carminibus
532 2117 796 2195 epigrammatibus
816 2118 959 2194 exceptiS,
983 2119 1098 2196 glossae

86 2205 200 2281 idylliis
224 2205 371 2280 I-VIH,
394 2207 534 2280 X-XV,
558 2207 653 2265 XVH.
685 2207 811 2280 scholia,
836 2227 911 2282 quae
935 2209 1100 2284 marginem

87 2297 270 2371 superiorem
293 2295 468 2354 exteriorem
490 2296 662 2355 inferiorem
685 2297 808 2372 implere
828 2297 935 2371 solent,
958 2298 1100 2372 pleraque

87 2385 218 2442 numeris
242 2383 347 2442 aliisve
371 2386 463 2461 signis
486 2384 575 2443 rubro
601 2385 697 2443 colore
720 2385 809 2459 pictis
833 2385 871 2443 ad
895 2388 977 2443 certa
999 2388 1099 2444 textus

48 2465 179 2532 rbverba
202 2475 388 2531 revocantur.
427 2474 522 2531 altera
547 2491 666 2546 manus,
695 2491 784 2547 quam
809 2472 918 2547 prioris
944 2473 1099 2548 aequalem

88 2564 170 2638 pute,
189 2561 304 2621 addidit
318 2561 369 2620 fol.
386 2563 448 2621 339
458 2582 477 2620 v
492 2562 709 2638 epigrammata
724 2559 773 2619 Ga
792 2564 823 2618 et
837 2559 886 2618 Gb
901 2561 1101 2621 1110134111

50 2650 77 2703 «⁰
89 2653 296 2728 argumentum
316 2650 374 2710 Vc.
407 2669 497 2726 quam
519 2649 621 2707 littera
644 2641 690 2707 Kb
713 2650 839 2725 signavi.
871 2651 904 2708 11
927 2651 993 2710 folii
1013 2652 1102 2710 3551

89 2741 222 2818 margine
245 2740 385 2798 inferiore
409 2741 504 2797 altera
525 2739 615 2797 series
634 2737 814 2797 scholiorum
834 2738 872 2796 ad
891 2738 930 2798 id.
945 2740 1014 2798 XIV
1035 2760 1100 2816 per·

88 2829 248 2888 tinentium
280 2828 403 2906 legitur,
437 2847 528 2903 quam
555 2829 646 2886 tertia
673 2846 778 2886 manus
806 2827 919 2903 primae
947 2829 1101 2887 simillima

49 2916 195 2995 t⁸postea
219 2917 361 2976 adiecisse
386 2917 504 2975 videtur
529 2909 611 2997 (11⁰),
643 2917 772 2994 glossae,
801 2936 877 2992 quae
899 2920 979 2976 inter
1001 2921 1101 2977 textus

89 3007 183 3064 lineas
207 3007 338 3079 exstant,
361 3007 432 3064 licet
454 3006 535 3065 haud
558 3025 626 3065 raro
645 3007 677 3064 in
695 3005 827 3080 spatium
846 3006 927 3082 quod
944 3008 1101 3064 intermar-

90 3096 188 3173 ginale
207 3097 332 3154 vocatur
350 3095 623 3173 transgrediuntur,
647 3096 758 3170 partim
776 3095 866 3153 rubro
885 3096 997 3170 partim
1015 3098 1101 3172 nigro

90 3185 187 3243 colore
210 3186 349 3242 exaratae
370 3187 447 3242 sunt.
481 3188 510 3243 et
532 3184 640 3242 rubrae
664 3184 785 3259 quidem
808 3184 923 3260 glossae
946 3184 1043 3242 eidem
1066 3185 1101 3242 li-

163 3376 193 3496 12)
208 3372 337 3438 Codices,
364 3373 398 3426 de
422 3390 541 3441 quorum
564 3371 681 3426 materia
704 3370 776 3423 nihil
799 3369 871 3435 dixi,
898 3369 1040 3424 chartacei
1058 3371 1102 3425 vel

92 3444 174 3498 ‘bom
194 3444 285 3512 ycini’
314 3446 385 3497 sunt.
424 3445 454 3497 in
480 3443 661 3513 designandis
688 3441 831 3496 codicibus
857 3439 1017 3508 ubicunque
1041 3442 1102 3496 fieri

90 3517 202 3584 poterat
219 3515 468 3570 Wilamowitnium
487 3518 595 3569 secutus
615 3531 683 3566 sum.
