2438 3870
137 117 203 182 344
537 116 659 181 Πέλειιυς
678 124 745 173 ο-1

203 307 227 346 ο.
245 294 298 347 τοῦ
310 284 458 358 Πελέκεως
472 283 492 365 ή
506 283 681 367 ἀνάγνωσις.
701 286 825 347 δύναται
838 285 888 347 καὶ
901 282 959 348 ἀπὸ
974 297 1027 348 τοῦ
1041 285 1151 370 μέτρου

136 395 189 447 τοῦ
212 373 489 466 βραχυκαταλήκτου
511 408 555 458 τις
577 381 734 466 ἀρχεσθαι,
758 378 808 445 εἶτ’
830 384 909 471 αὐτῷ
930 384 1152 462 ἀνταποδιδοὺς

135 483 167 544 τὸ
187 483 263 562 ἴσον,
284 481 334 543 καί
352 481 528 556 ἀκολούθως
546 488 607 555 τοῖς
626 477 686 561 μετ’
703 481 774 544 αὐτὸ
792 481 828 543 τά
847 483 896 544 ἴσα
914 483 1064 565 ἐπιφέρων
1083 485 1150 546 δια·

136 581 290 642 σώσασθαι
308 580 359 641 τὸν
375 590 462 641 νοῦν·
482 579 540 643 ἀπὸ
559 578 613 660 μὲν
631 589 684 641 τοῦ
704 581 870 642 δωδεκάτου
888 579 1071 661 ἀναβαίνων,
1089 581 1151 646 ἀπὸ

136 677 265 758 θατέρου
279 680 321 753 εἰς
339 678 443 740 ἐνδεκα
458 689 643 759 καταχωρῶν.
667 679 723 759 ἕχει
738 677 769 740 δὲ
783 679 871 760 λόγον
885 677 942 740 κάν
956 678 1151 755 ἀντιθετικῶς
1177 700 1189 741 τ

136 777 371 858 ἀναγινώσκηται
389 788 507 858 πρῶτον
526 776 579 857 μὲν
593 777 625 840 τὸ
644 776 788 859 μέγιστον,
807 776 1081 857 ἀνταποδιδομένου
1094 789 1171 851 τοῦ,

136 874 267 956 ἐσχάτου,
285 875 335 936 καὶ
349 877 438 937 πάλιν
452 874 603 957 ἀναλόγως
621 882 661 961 τῷ
679 874 803 962 δευτέρῳ
822 884 874 936 τοῦ
888 874 947 938 ἀπὸ
961 874 1062 950 τέλους
1081 879 1149 939 δευ-

136 973 232 1055 τέρου,
251 973 305 1048 ἕως
324 973 371 1036 ἐπὶ
389 974 424 1035 τὰ
444 973 516 1054 μέσα
535 973 637 1059 ἀφίκῃ.

203 1092 231 1150 d.
250 1090 386 1173 ἐξήγησις
404 1099 457 1152 τοῦ
472 1090 629 1164 Πελέκεως.
651 1089 809 1172 γέγραπται
827 1088 880 1169 μὲν
899 1090 941 1164 εἰς
959 1090 1010 1152 τὸν
1026 1083 1150 1154 Ἐπειοῦ

135 1187 267 1250 πέλεκυν.
291 1187 365 1270 λέγει
385 1187 416 1250 δὲ
431 1190 475 1250 ὅτι
493 1190 590 1271 δῶρον
603 1200 639 1274 τή
655 1182 771 1274 Ἀθηνᾷ
791 1185 806 1248 δ
824 1181 946 1262 Φωκεὺς
961 1183 1078 1263 Ἐπειὸς
1096 1199 1150 1270 τής
1164 1210 1190 1250 ιο

135 1286 237 1367 τέχνης
260 1285 310 1348 καὶ
333 1285 464 1360 ἐπινοίας
486 1287 571 1369 χάριν
594 1286 744 1349 ἀποτίνων
767 1284 930 1365 ἀνέθηκεν,
954 1275 977 1372 ᾧ
1000 1309 1069 1348 ποτε
1089 1297 1150 1349 τῶν

136 1384 324 1464 θεοποιήτων
338 1385 460 1466 πύργων
474 1385 614 1464 κατήριπε
628 1385 660 1446 τὸ
679 1391 781 1465 τεῖχος,
800 1381 889 1464 ήνίκα
907 1394 942 1469 τῇ
961 1386 1150 1472 ίπποποιήτιμ

135 1481 205 1562 κηρὶ
227 1481 277 1543 καί
300 1482 455 1568 πυριπνόιμ
479 1482 533 1560 τήν
556 1483 642 1544 πάλιν
666 1482 800 1544 ἐκαυσεν·
829 1481 879 1543 διὰ
901 1481 956 1564 γάρ
979 1492 1031 1545 τοῦ
1054 1483 1150 1546 ἵππου

136 1573 215 1640 είλον
236 1576 328 1641 Ἴλιον
353 1577 428 1659 <οί>
447 1578 604 1659 Ἕλληνες
630 1579 680 1641 καλ
707 1581 776 1654 τοὺς
801 1580 893 1661 αὐτῆς
918 1581 1151 1661 βαθυπλούτους

136 1674 265 1750 ἀνακτας
283 1676 315 1737 ἐκ
333 1678 459 1758 βάθρων
477 1678 586 1740 ἔσεισεν
602 1674 728 1755 Ἐπειός,
747 1676 780 1751 ὃς
799 1678 855 1739 οὐκ
873 1670 912 1758 ήν
925 1680 1087 1762 προμάχοις
1101 1679 1150 1742 ἐν·
1165 1697 1191 1740 ιι

137 1776 288 1854 αρίθμιος,
305 1770 368 1836 ἀλλ’
380 1775 438 1838 άπὸ
453 1786 573 1859 κρηνῶν
587 1783 730 1858 καθαρῶν
744 1778 825 1856 πόμα
840 1776 923 1858 λ’φερε
937 1784 998 1850 τοῖς
1009 1773 1150 1858 Ἀχαιοῖς·

137 1881 194 1934 νῦν
217 1871 248 1934 δέ
271 1873 416 1954 ἐχώρησεν
439 1875 481 1949 εἰς
503 1874 557 1954 τήν
576 1869 707 1956 Ὀμήρου
731 1877 852 1954 ποίησιν
876 1875 924 1936 διὰ
945 1876 1000 1956 τήν
1016 1869 1151 1956 Ἀθηνᾶς

136 1971 228 2053 χάριν.
261 1973 404 2055 μακάριος
423 1965 493 2053 οὖν,
516 1969 551 2033 ὃν
570 1973 607 2033 σὺ
626 1971 685 2033 ἀπὸ
703 1983 803 2054 ψυχῆς
822 1974 905 2047 λλεως
923 1968 1009 2048 είδες·
1032 1977 1074 2060 τῷ
1092 1973 1151 2058 γὰρ

136 2070 258 2154 τοιούτῳ
276 2070 326 2131 καί
344 2071 518 2150 εὐδαιμονία
537 2069 581 2131 ἀεὶ
599 2077 828 2154 παρακολουθεῖ.

206 2192 232 2247 1.
252 2185 438 2267 ἀνδροθέα
457 2185 488 2249 δὲ
507 2184 526 2266 ἡ
546 2186 692 2268 ἐπανδρος
709 2188 779 2248 θεά·
799 2181 882 2267 οίμαι
900 2185 931 2248 δέ
950 2187 994 2249 ὅτι
1013 2187 1063 2248 διά
1080 2190 1151 2252 τοά-
1164 2215 1192 2257 κο

137 2307 190 2344 του
209 2293 261 2345 τοῦ
281 2281 425 2362 ὀνόματος
443 2285 498 2363 τήν
516 2283 669 2364 παρθένον
687 2284 737 2346 καί
755 2283 894 2365 ἀνδρείαν
912 2285 1065 2364 ἐσήμανεν.

207 2449 222 2490 8
245 2435 303 2507 μετ’
325 2436 393 2494 αὐτὸ
416 2446 452 2492 K:
476 2436 535 2508 μετ’
556 2440 645 2492 adr*
671 2444 787 2493 Anthfr:
813 2439 881 2508 μετὰ
904 2449 990 2495 ταῦτα
1015 2439 1109 2511 Bergk

136 2508 171 2562 τά
190 2525 242 2563 om.
258 2517 281 2562 K
336 2509 521 2577 ἐπιφέρεσθαι
540 2511 588 2564 καί
608 2515 744 2566 διασῶσαι
761 2518 784 2563 Κ
869 2522 883 2564 4
902 2511 973 2565 haee
990 2511 1073 2581 plene
1091 2529 1151 2567 non

136 2579 264 2649 intellegi
283 2581 376 2651 Bergk
398 2583 474 2634 recte
497 2582 618 2649 monuit;
642 2583 753 2636 constet
776 2581 850 2635 enim
870 2582 980 2637 Securis
999 2583 1151 2638 duodecim

137 2652 218 2718 colis,
241 2669 297 2705 non
320 2653 363 2706 bis
383 2652 518 2706 duodenis
626 2654 881 2722 σάναγιυάισκεται
899 2659 977 2707 suth.
1046 2654 1099 2723 μὲν
1117 2655 1149 2710 τὸ

136 2733 246 2789 πρῶτον
265 2724 360 2789 codd,
378 2741 446 2778 corr.
462 2724 556 2795 Bergk
640 2723 760 2778 τάνάλο
779 2744 812 2779 ον
831 2729 910 2778 Antii.
964 2721 1021 2780 ἀπὸ
1039 2725 1148 2798 Bergk:

136 2792 167 2848 δὲ
192 2796 271 2849 codd.
380 2806 394 2848 e
417 2795 499 2849 inser.
520 2812 572 2850 om.
592 2803 616 2848 K
688 2746 892 2865 συγγέγραπται
915 2813 993 2866 prop.
1013 2795 1108 2866 Bergk

136 2877 161 2919 11
181 2864 237 2921 ἀπό
261 2887 336 2929 τινος
357 2867 461 2936 έθηκεν
479 2873 502 2918 K
592 2878 619 2919 ιτ
637 2865 814 2934 θεοποιήτωυ
834 2866 1000 2921 Salmasius:
1023 2877 1151 2938 ποιητῶν

137 2939 216 2991 codd.
271 2947 303 3010 τῇ
326 2937 414 2992 ἵππου
432 2942 538 3008 ποιητῷ
557 2937 649 3005 Bergk
720 2948 748 2990 18
766 2935 895 3011 πυρίπνιμ
914 2945 938 2991 K
991 2939 1023 2993 ἐν
1040 2937 1095 3007 γάρ
1114 2944 1153 3014 τῷ

137 3007 212 3081 ἵππῳ
227 3017 250 3061 K
322 3020 349 3062 14
369 3010 432 3063 edd.
443 3008 546 3063 Jacobs
574 3007 720 3076 »Ἕλληνες
735 3016 822 3063 οω.Κ
866 3010 953 3078 αὐτῆς
967 3014 1111 3065 ommis

136 3091 164 3132 1ο
183 3077 314 3148 καθαρὸν
332 3086 410 3134 Anth.
507 3091 534 3132 17
554 3081 693 3149 ἐχάρησας
710 3087 734 3132 Κ
798 3087 848 3149 τῆς
860 3078 916 3135 Ἀθ.
936 3087 960 3133 K
1049 3090 1077 3135 18
1096 3077 1151 3137 οὖν

136 3169 189 3206 om.
204 3159 227 3204 Κ
282 3148 353 3214 εἶδες
374 3155 440 3206 ente
464 3150 543 3214 ἵλεως
561 3152 679 3206 iteratur
696 3151 726 3205 in
744 3157 838 3217 Antis,
861 3151 911 3206 nbi
929 3149 1007 3215 ίλοως
1025 3147 1099 3215 εἶδες
1117 3157 1152 3209 ut

136 3223 275 3293 glossema
293 3222 443 3277 Heeberlin
462 3223 619 3277 eliminavit
689 3220 720 3277 τὸ
740 3222 793 3293 γάρ
813 3228 891 3276 Antii.
971 3233 999 3276 ιν
1018 3224 1152 3294 εὐδαιμο·

136 3293 185 3350 νία
200 3295 244 3348 ἀεὶ
258 3298 470 3362 παρακολουθεῖ
483 3299 576 3349 Antis:
597 3292 737 3363 εὐδαίμων
753 3295 796 3348 ἀεὶ
811 3293 866 3362 ζωή
880 3301 903 3347 Κ
965 3304 995 3346 2⁰
1009 3294 1153 3364 ἐπανδρος

134 3365 191 3420 θεά
206 3365 372 3421 Salmasius:
392 3368 531 3432 ἐπανδρος
548 3371 619 3421 θεοῦ
634 3368 692 3435 (εον
707 3367 763 3420 fere
777 3367 960 3427 evanuerunt)
975 3370 1070 3422 Antha
1090 3366 1151 3424 άπδ

135 3434 240 3502 ἀνδρὸς
257 3441 328 3492 θεοῦ
347 3445 371 3490 K
388 3437 498 3505 reliqna
515 3437 741 3506 praetermittens
794 3436 895 3490 τούτου
912 3445 963 3492 τοῦ
979 3435 1151 3496 Salmasius:

135 3508 320 3563 τοντονοάτου
339 3513 431 3562 narn:
450 3517 501 3563 τοῦ
519 3509 647 3564 τοιοάτου
666 3507 778 3561 Brunek
797 3508 884 3563 tacite
