2438 3870
480 121 620 176 Praefatio
639 121 664 175 ΙΙ
1023 119 1079 179 >XV

68 313 87 352 a
103 292 247 352 Vaticana
264 292 354 366 paulo
373 289 498 354 diversa.
526 292 693 349 memoratu
710 287 834 366 dignum
852 287 979 362 videtur,
998 287 1079 363 quod

67 381 157 440 huius
179 381 356 440 recensionis
379 381 508 458 vestigia
527 381 618 438 etiam
637 380 669 436 in
687 379 755 435 aliis
773 377 858 436 libris
876 379 1079 451 inveniuntur,

70 489 144 546 quos
154 489 219 529 cum
230 471 402 530 collectione
412 471 466 528 illa
475 469 582 544 idyllia
592 468 615 540 Ι,
624 466 791 526 ΠΙ-ΧΠΙ
801 467 1014 541 complectente
1024 467 1079 524 ali-

70 574 128 635 quo
142 559 229 618 modo
244 560 400 618 cohaerere
413 560 478 618 veri
491 559 537 617 est
550 558 748 629 simillimum3
767 555 898 614 sufficiat
911 555 1079 614 nominasse

70 648 184 708 codices
202 648 353 708 Parisinos
373 649 458 707 2726
479 650 510 707 et
529 649 628 723 2884,
647 644 883 703 Laurentianum
900 644 1014 703 XXXII
1029 646 1078 703 16.

136 738 250 811 Restat,
268 741 303 795 ut
321 737 356 796 de
375 737 474 796 codice
493 741 529 810 T,
551 755 638 810 quem
658 734 753 794 adhuc
771 733 866 794 sciens
883 735 1105 809 praetermisit

69 829 173 903 paucis
197 827 348 886 disseram.
381 845 416 885 ac
438 827 544 884 lectori
566 827 682 882 textum
703 842 770 882 cum
788 822 900 884 tabulis
919 824 966 882 vel
985 823 1081 882 obiter·

68 916 240 993 inspicienti
264 917 405 974 facillime
429 914 587 991 apparebit
609 932 675 972 eum
700 916 729 972 et
747 911 950 971 Laurentiano
967 912 1081 972 scholia

69 1008 220 1064 continere
244 1008 274 1062 et
291 1007 440 1064 Vaticana
463 1005 524 1061 fere
547 1003 673 1078 integra.
705 1001 757 1060 ubi
780 1021 850 1061 vero
874 1002 905 1058 in
923 1001 1080 1077 utriusque

69 1095 186 1171 generis
205 1094 325 1153 scholiis
344 1094 448 1152 eadem
465 1111 512 1151 res
531 1092 644 1170 agitur,
663 1092 712 1150 vel
730 1091 858 1150 alterum
876 1092 978 1166 posuit
995 1091 1081 1152 iuxta

70 1185 198 1242 alterum
221 1184 269 1241 vel
292 1203 307 1242 e
331 1181 532 1241 Laurentiano
556 1183 586 1239 et
603 1180 750 1240 Vaticano
772 1180 940 1238 commixtis
958 1182 1079 1238 tertium

70 1291 190 1348 quoquo
215 1272 303 1330 modo
328 1274 393 1346 ipse
418 1271 637 1347 conglutinavit
659 1270 812 1329 scholium.
845 1269 1023 1328 scholiorum
1036 1272 1082 1329 ,ut

68 1364 114 1421 ita
128 1362 226 1420 dicam
241 1360 401 1418 mixtorum
414 1360 487 1418 haee
501 1361 634 1419 conferas
649 1359 795 1434 exempla:
809 1359 825 1416 I
841 1362 914 1432 lla,
931 1353 1081 1436 loclesse,

68 1452 97 1508 V
114 1445 197 1529 lilla,
219 1444 368 1526 110l11a,
386 1449 445 1507 VII
461 1451 611 1527 serlone,
632 1449 834 1522 105,X19a.
862 1447 1081 1507 Laurentianus

69 1540 159 1613 liber,
185 1557 243 1614 quo
267 1543 293 1597 T
316 1537 350 1597 in
369 1538 484 1612 idylliis
502 1538 530 1612 Ι,
544 1536 710 1596 IH—XIII
732 1537 842 1614 utitur,
867 1555 885 1594 a
904 1541 931 1594 P
947 1538 1081 1613 proxime

71 1630 163 1688 abest.
200 1631 333 1686 attamen
357 1627 395 1686 ab
418 1647 453 1686 eo
476 1626 611 1686 diversus
634 1645 697 1686 esse
720 1626 851 1699 videtur,
879 1645 947 1684 cum
969 1626 1082 1686 scholia

70 1718 179 1778 codicis
193 1722 220 1776 T
238 1718 343 1793 paucis
355 1716 436 1776 locis
454 1717 591 1792 pleniora
610 1716 671 1775 sint
688 1715 725 1774 iis
746 1723 861 1790 quaer
882 1715 1007 1774 exhibet.
1035 1714 1082 1776 III

49 1810 148 1880 aee,
167 1810 203 1865 ut
221 1807 354 1882 exemplo
373 1808 456 1881 utar,
474 1805 507 1864 in
526 1811 552 1864 T
571 1805 634 1866 solo
653 1804 803 1882 integrum
821 1804 941 1882 legitur,
960 1804 1081 1865 cum-li-

70 1896 187 1956 brarius
210 1895 318 1954 codicis
337 1900 364 1954 P
383 1897 572 1970 aliquantum
591 1896 725 1954 omiserit
744 1893 781 1952 ab
801 1891 893 1958 altera
911 1912 983 1953 voce
1002 1891 1082 1970 τηλέ-

71 1988 160 2060 φιλον
180 1985 362 2064 adulteram
381 1984 552 2044 aberrando.
586 1983 666 2042 idem
680 1983 857 2058 exemplum,
878 1982 958 2057 quod
972 2002 991 2041 a
1005 2001 1082 2041 com·

71 2073 154 2133 muni
178 2073 355 2133 scholiorum
374 2072 644 2132 Laurentianorum
667 2073 749 2131 fonte
772 2091 832 2130 non
855 2071 972 2129 differre
995 2071 1083 2130 facile

72 2165 178 2236 elucet,
191 2163 281 2221 etiam
296 2164 326 2220 iu
342 2164 526 2239 argumentis
540 2162 583 2219 XI
597 2164 627 2221 et
640 2162 714 2220 XIII
729 2160 965 2237 deprehenditur.
984 2160 1083 2218 minus

72 2255 153 2310 certo
179 2250 295 2308 definiri
320 2253 428 2324 potest,
454 2251 505 2326 qui
530 2250 607 2308 liber
620 2251 745 2314 ‚scholia
762 2249 911 2309 Vaticana
937 2249 1030 2308 codici
1055 2254 1082 2308 T

72 2338 316 2413 suppeditaverit.
348 2339 481 2414 proxime
504 2358 574 2398 vero
598 2358 665 2397 eum
688 2339 727 2398 ad
751 2338 881 2398 codicem
899 2344 926 2398 Ε
945 2338 1083 2398 accedere

72 2428 284 2506 prolegomena
302 2429 494 2503 potissimum
507 2427 622 2488 docent.
655 2447 731 2504 quae
746 2448 814 2487 cum
827 2431 872 2487 ita
886 2429 954 2502 sint,
974 2429 1083 2486 miran-

72 2519 143 2576 dum
161 2536 221 2575 non
240 2519 285 2576 est
303 2517 416 2577 scholia
429 2517 538 2577 codicis
553 2523 579 2576 T
594 2519 716 2594 propria
729 2535 881 2593 perpauca
894 2518 1022 2576 inveniri
1035 2536 1081 2576 ea-

72 2627 133 2683 que.
149 2609 296 2665 recentem
315 2609 443 2666 aetatem
458 2607 637 2680 redolentia3
654 2600 930 2685 videas182l85b,
948 2606 992 2664 IV
1007 2607 1086 2684 4511,

72 2697 131 2755 VII
146 2696 221 2770 c3d,
240 2695 315 2753 VIII
331 2695 405 2756 33d.
437 2699 539 2755 tamen
553 2696 683 2755 codicem
697 2700 724 2754 T
739 2696 976 2771 praetermittere
990 2695 1084 2769 nolui,

72 2788 157 2862 quia,
181 2787 217 2843 ut
240 2786 319 2842 infra
337 2784 602 2860 demonstrabitur,
625 2785 768 2862 vulgatus
786 2785 967 2844 scholiorum
985 2787 1083 2845 textus

71 2894 182 2952 magna
201 2877 339 2950 exparte
358 2875 396 2933 ab
415 2893 450 2932 ec
468 2873 585 2949 pendet.

140 2963 211 3022 Tria
225 2982 301 3038 quae
310 2963 398 3022 modo
408 2963 596 3022 distinximus
606 2981 715 3039 genera
724 2963 904 3022 scholiorum
914 2981 974 3020 non
984 2962 1059 3022 eius-
1078 2973 1195 3017 Genuum

72 3053 139 3111 dem
158 3053 248 3128 pretii
266 3055 343 3111 sunt.
376 3071 410 3110 ae
428 3070 545 3110 summa
560 3051 678 3128 quidem
693 3054 856 3110 auctoritas
871 3053 972 3128 generi
985 3050 1056 3110 Am·
1067 3030 1191 3071 ”mm

73 3143 209 3201 brociam
227 3141 386 3200 tribuenda
400 3143 453 3200 est.
481 3143 528 3200 tot
542 3141 620 3198 enim
634 3142 749 3200 scholia
763 3159 832 3199 vere
846 3142 971 3216 antiqua
986 3140 1084 3200 codiee

71 3235 104 3290 Κ
126 3231 174 3290 vel
197 3250 256 3288 une
280 3234 399 3290 servata
423 3232 493 3289 sunt
515 3230 562 3288 vel
587 3231 683 3289 forma
705 3230 828 3288 meliore
847 3232 1025 3306 propagata,
1049 3231 1084 3287 ut

72 3338 141 3377 eum
165 3337 255 3395 super
278 3323 391 3378 ceteros
414 3337 515 3378 omnes
539 3320 680 3378 excellere
703 3321 850 3378 neminem
873 3319 962 3376 unius
986 3319 1085 3394 idyllii

64 3408 187 3468 scholia
206 3409 408 3485 perlegentem
427 3409 555 3484 effugere
573 3411 676 3484 possit.
709 3410 843 3467 attamen
861 3407 893 3464 in
912 3408 982 3466 solis
1001 3407 1084 3467 scho-

71 3497 123 3556 liis
132 3496 337 3557 Ambrosianis
351 3499 473 3555 minime
487 3497 734 3573 acquIescendum
748 3499 802 3555 est.
829 3495 909 3555 haud
923 3515 991 3555 raro
1006 3496 1085 3564 enirn
