2438 3870
447 135 560 190 Scholia
577 137 590 190 Ι
604 137 745 208 2b-3s40
1065 137 1107 202 27

162 307 190 364 b.
214 304 428 382 μελίσδεταιι
457 303 506 363 διὰ
534 313 586 365 τοῦ
614 307 630 377 ζ
655 301 674 381 ἡ
702 304 815 384 γραφήΙ
844 300 877 365 τὸ
901 303 957 385 γὰρ
981 305 1216 382 μελίσδωκεελτ

95 403 238 464 Αίολικόν
256 402 322 463 έστι.
356 403 559 480 μελίσδεται
578 400 609 463 δὲ
628 400 693 463 ἀντὶ
712 411 763 462 τοῦ
783 403 897 481 μελίζει,
917 401 934 463 ὅ
952 401 1010 463 έστι
1027 407 1108 482 λιγυ-

95 512 153 583 ρῶς
176 500 245 580 ἠχεῖ
262 500 312 561 καὶ
335 496 407 584 ᾅδει.
441 499 504 578 μέλι
522 499 577 580 γὰρ
601 500 652 572 τὰς
671 495 746 582 ᾠδὰς
765 500 880 581 ἔλεγον,
904 498 944 573 ὡς
963 499 1012 561 καὶ
1031 501 1077 560 Πί
1095 537 1108 546 -

95 602 184 681 δαρος
204 593 289 681 (fgm.
301 602 340 658 97
363 599 525 659 Sohroeder
542 601 619 658 Ροοί.
634 602 688 675 lyr.
700 619 745 672 με.
760 601 784 656 Ι
795 591 837 668 1⁵,
854 593 933 680 422)
952 594 1004 659 τὸν
1018 603 1108 659 Πᾶνα

67 718 78 757 τ
95 698 218 774 φάσκων
237 693 280 757 ςτὸ
296 707 405 757 σαυτοῦ
421 694 485 775 μέλι
498 693 633 775 γλύζεις’,
651 694 799 757 τουτέστιν
817 695 910 781 ἑαυτῷ
923 689 1002 780 ᾠδὴν
1017 693 1108 781 ᾄδεις.

161 800 213 884 [ο]
231 802 289 864 καὶ
304 804 355 864 τύτ
370 801 434 863 ἀντὶ
448 813 501 864 τοῦ
517 803 553 863 σὺ
568 802 640 862 κατὰ
654 804 767 884 τροτιην
778 803 917 884 Δωρικὴν
931 813 983 864 τοῦ
997 801 1015 863 d
1028 804 1070 876 εἰς
1083 802 1134 864 dl(

93 901 146 963 εἰσί
160 901 215 982 γὰρ
228 901 420 980 ἀντωνυμίαι,
434 901 541 974 αἵτινες
552 900 775 979 ίττεκτείνοντοιι,
790 900 886 981 ὥσπερ
899 900 930 961 τὸ
944 899 999 982 ἐγὼ
1012 900 1121 982 έμώνη,

93 999 142 1060 καὶ
157 999 188 1060 τὸ
203 998 268 1078 έμὶν
284 999 380 1078 ἕμίνη,
398 999 445 1059 τίν
464 1000 542 1078 τίνη·
563 1000 655 1072 ούτως
675 997 734 1059 ἐστὶ
752 997 802 1059 καλ
820 999 852 1060 τὸ
872 999 909 1060 σὺ
928 999 962 1060 τύ
977 997 1026 1058 καὶ
1041 993 1104 1058 κατ’

94 1096 248 1158 ἕκέκτασιν
266 1099 349 1175 τύνη.

53 1233 80 1271 10
162 1200 243 1285 3J4a.
264 1206 441 1286 συρίσδεςε
460 1203 525 1265 ἀντὶ
541 1214 593 1266 τοῦ
609 1205 734 1285 συρίζεις
747 1208 897 1284 Δωρικῶς.
921 1205 953 1264 οί
967 1203 1022 1284 γὰρ
1037 1208 1104 1264 Δω-
1115 1223 1170 1268 εΑτ

94 1309 164 1380 ριεῖς
183 1301 218 1362 τδι
241 1303 361 1384 δεύτερα
383 1304 527 1383 πρόσωπα
545 1313 604 1363 τῶν
622 1303 761 1383 ῥημάτων
779 1301 872 1375 είςὲς
897 1302 1020 1382 λήγουσι
1042 1302 1074 1362 τὸ
1094 1319 1105 1360 ῑ

94 1400 187 1478 μόνον
206 1398 405 1479 ἕκθλίβοντες·
429 1401 461 1461 τὸ
481 1402 605 1490 συρίζεις
627 1400 682 1482 γὰρ
702 1401 814 1482 συρίζες
835 1400 998 1480 γράφουσι,
1021 1399 1053 1460 τδ
1073 1398 1104 1460 δέ

94 1508 221 1587 συρίζειν
245 1508 367 1589 συρίζεν.
401 1509 554 1570 διαλύουσι
574 1506 655 1570 δὲτὸ
675 1511 691 1580 ζ
707 1508 749 1580 εἰς
769 1507 805 1568 τὰ
823 1507 852 1581 ἐξ
871 1500 914 1568 ὧν
932 1501 971 1586 ἦν
989 1508 1104 1588 συγκεί-

94 1627 184 1683 μενον
203 1611 335 1685 στοιχεῖα.

55 1739 78 1778 15
161 1713 188 1771 b.
208 1711 291 1791 μετὰ
310 1716 413 1772 Πᾶνα
431 1712 467 1773 τὸ
487 1713 654 1794 δεύτερον
674 1706 801 1773 ἇθλονε
819 1711 885 1772 ἀντὶ
903 1720 969 1773 τοῦ·
988 1720 1214 1791 πρῶτονκοελτ

95 1807 110 1869 δ
127 1810 204 1889 Πάν,
224 1811 360 1892 δεύτερον
375 1811 426 1870 σύ·
445 1810 480 1870 τδι
496 1812 615 1888 δεύτεροι
630 1805 709 1871 ἆθλα
725 1821 777 1871 τοῦ
792 1810 895 1883 Πανὸς
909 1809 1029 1895 διττοίση,
1047 1818 1106 1869 τῶν

95 1905 125 1967 δὲ
144 1906 240 1968 ἄλλων
259 1908 293 1968 τὰ
312 1919 419 1989 πρῶτα.

143 2035 166 2074 ο.
181 2014 232 2075 τὸν
247 2019 349 2075 Πᾶνα
368 2017 399 2076 ol
411 2013 464 2093 μέν
479 2033 571 2092 φασιν
585 2015 652 2075 υἱὸν
663 2014 841 2092 Πηνελόπης
855 2013 904 2073 καὶ
918 2013 1039 2074 πάντων
1050 2015 1213 2069 καΕΑΡΡ“τ

165 2180 178 2221 1
196 2169 240 2221 Et.
255 2168 292 2220 M.
307 2173 372 2233 411,
389 2173 421 2220 57
430 2190 435 2220 :
459 2166 550 2221 ἰστέον
569 2167 600 2222 δὲ
621 2163 711 2220 ὅτιτὸ
731 2169 745 2230 ζ
763 2165 925 2220 διαλύουσιν
944 2165 971 2219 ol
989 2170 1107 2233 Δωριεῖς

95 2256 134 2316 είς
152 2262 170 2308 ὃ
188 2256 236 2308 καλ
255 2259 272 2309 δ
291 2255 336 2325 (cf.
352 2256 408 2309 soh.
425 2256 514 2326 3ί4κ),
538 2251 600 2310 οἶον
623 2255 703 2324 ζυγὸς
722 2252 835 2323 σδυγύς,
853 2252 955 2322 θερίζω
974 2252 1106 2322 θερίσδω,

95 2324 193 2392 συρίζω
218 2324 350 2394 συρίσδω,
375 2325 470 2396 μελίζω
495 2324 621 2396 μελίσδω.
656 2323 816 2395 Θεόκριτος·
842 2325 872 2380 ‘d
890 2328 955 2380 κοιλ
973 2335 1036 2388 ταῖς
1054 2344 1105 2379 τια-

94 2406 170 2466 ηαῖσι
192 2394 378 2466 μελίσδεται’,
403 2398 492 2468 ἤγουν
515 2395 651 2467 μελίζεται
674 2399 722 2452 καλ
744 2398 808 2467 ἠχεῖ
829 2398 876 2451 καλ
900 2399 1029 2452 ἀποτελεῖ
1046 2401 1106 2465 μιλ-

94 2466 190 2538 ῳδίαν.
265 2480 276 2520 7
296 2469 339 2523 Et.
355 2469 392 2522 M.
408 2475 467 2535 314,
483 2475 533 2523 42:
552 2470 583 2524 τὸ
603 2466 634 2525 δὲ
653 2469 730 2538 τύνη,
751 2468 818 2538 ὅπερ
834 2469 897 2522 ἀντὶ
909 2477 960 2523 τοῦ
975 2469 1008 2522 σύ
1023 2470 1122 2536 dono„

94 2537 264 2608 ἀντωνυμία,
284 2541 321 2604 ὡς
338 2541 369 2594 τὸ
391 2541 470 2610 ‘odon
490 2545 508 2595 δ
540 2541 666 2611 ἔστηκας’
679 2542 723 2610 ,ίΕ
737 2544 813 2610 485)·
832 2541 881 2594 καλ
896 2538 1027 2602 Ἠσίοδος
1044 2539 1105 2609 (Op.

94 2615 167 2680 9sq.)
195 2611 295 2666 “ίθννε
317 2612 451 2680 θέμιστας
472 2613 568 2682 τύνη’.
601 2613 650 2667 καὶ
673 2611 726 2681 γάρ
750 2615 820 2667 εἰσιν
844 2608 1018 2680 ἀντωνομίαι
1041 2608 1103 2664 κατ’

94 2684 205 2738 ἔκτασιν
223 2681 376 2752 γινόμεναι.
406 2683 485 2751 παρὰ
503 2683 556 2753 γὰρ
571 2684 622 2754 τὴν
637 2685 708 2753 ἐγὼν
722 2685 810 2754 ἐγώνη
825 2684 873 2737 καλ
887 2681 966 2751 παρὰ
979 2682 1030 2750 τὴν
1044 2683 1106 2751 ἐμίν

94 2752 186 2824 ἐμίνη,
209 2756 254 2808 τλυ
276 2752 350 2824 τίνη·
376 2753 446 2808 ούτω
467 2755 513 2808 καί
532 2757 565 2808 τύ
584 2756 653 2825 τύνη
672 2752 736 2811 κατ’
757 2753 903 2810 ἐκέκτασιν
921 2760 971 2822 τῆς
989 2759 1026 2822 νη
1044 2756 1107 2806 συλ-

94 2828 186 2896 λαβῆς.
241 2836 270 2878 1⁰
285 2826 384 2896 Georg.
396 2825 492 2880 Choer.
503 2826 540 2879 ad
550 2826 654 2881 Thood.
666 2825 731 2880 Can.
742 2832 785 2893 25,
794 2831 841 2894 293
856 2830 939 2891 2633
949 2824 1070 2894 Hilgard

94 2907 121 2949 18
140 2896 247 2950 scholia
262 2898 328 2950 o-f
343 2897 380 2950 ad
394 2897 558 2965 Apollodori
571 2897 750 2951 Atheniensis
769 2897 873 2950 librum
887 2896 958 2963 Περὶ
972 2899 1050 2950 θεῶν
1064 2911 1106 2948 τε·

93 2968 148 3021 fert
162 2969 231 3023 Rob.
243 2968 370 3023 Muenzol
387 2969 494 3038 Quaest.
505 2970 636 3039 κιηίλοςκ.
648 2973 728 3034 1883,
740 2973 846 3023 10-18
896 2967 952 3020 sch.
963 2967 976 3020 l
987 2967 1060 3020 1231>

165 3104 176 3145 1
196 3092 249 3162 γὰρ
269 3101 303 3148 K:
328 3095 359 3147 δὲ
377 3095 443 3148 cett.
556 3104 570 3146 8
593 3094 653 3162 μέλι
672 3093 873 3147 Wilamowitz:
897 3091 963 3162 μέλη
989 3091 1069 3145 codd.

95 3174 109 3216 5
132 3161 163 3218 τὸ
188 3172 289 3218 σαυτοῦ
313 3170 372 3218 Ad:
400 3173 523 3218 τοσαῦτα
547 3171 606 3218 GE:
632 3162 663 3219 τὸ
687 3165 787 3219 ἑαυτοῦ
811 3171 845 3217 K:
869 3160 900 3219 τὸ
925 3167 1016 3234 σαυτῷ
1039 3162 1105 3216 arli-

94 3235 188 3288 culum
217 3235 383 3290 scholiastae
410 3237 537 3290 tribuens
560 3237 681 3291 Ahrons:
709 3234 794 3296 αὐτὸς
821 3237 896 3289 αὐτῶ
916 3234 1071 3288 Sohroodor

94 3307 153 3374 μέλι
167 3306 356 3360 Wilomowitz
376 3307 410 3360 de
429 3307 535 3376 γλάζεις
554 3308 701 3362 dubitans:
721 3306 800 3375 μέλος
814 3291 894 3361 oodd.
967 3303 1106 3373 στρατιὴν

94 3377 225 3445 Δωρικὴν
239 3379 326 3431 tacite
336 3377 457 3447 Ziogler:
472 3376 577 3445 τρόπον
586 3379 715 3447 Δωρικὸν
731 3379 789 3432 οοδ.
863 3389 889 3430 11
904 3383 932 3439 ἴς
946 3383 978 3429 d:
994 3380 1070 3428 {EA

94 3459 121 3500 12
145 3446 322 3519 ἐκθλίβοντες
345 3456 376 3502 d:
403 3448 564 3521 ἐκθλίβουσα
587 3453 652 3504 oott.
726 3447 1027 3517 συρίσδες-συρίσδτν
1051 3453 1069 3498 Τ

94 3528 122 3570 15
141 3521 418 3588 πρῶτον-δεύτερον
437 3529 472 3573 K:
491 3542 536 3583 -ος
554 3542 597 3585 -ος
616 3523 680 3576 cett.
760 3530 788 3573 18
805 3520 855 3574 τὸν
874 3520 905 3573 δὲ
924 3521 960 3572 Π.
980 3525 1003 3570 Κ
