2446 3870
420 121 533 174 Scholia
550 121 575 175 x
590 121 746 191 ουτοι-ο
1027 117 1091 184 239

146 291 312 347 56-58a.
336 296 444 347 ταῦτα
467 287 545 367 χρῆε
571 286 691 368 ὀλίγος
709 288 742 348 εἰι
759 297 812 349 τοῦ
833 287 992 363 Μίλωνος,
1015 284 1118 359 τινὲςκ

78 385 109 447 66
128 405 220 464 φασιν
240 385 298 446 ὑπὸ
318 395 369 446 τοῦ
388 388 538 446 Βουιιαίου
561 383 700 466 λέγεσθαι
722 385 791 459 τοὺς
815 385 937 466 στίχους.
970 385 1031 446 ἔδει
1050 402 1092 460 σε,

78 486 186 562 φησίν,
210 478 233 545 ὦ
257 489 398 561 Βουκαῖε,
423 483 646 562 μνημονεύοντα
669 493 721 544 τοῦ
745 485 833 545 θείου
854 481 1019 563 Αιιυέρσου
1042 475 1089 544 ἐπ’

78 582 164 662 έργον
182 583 233 644 τὸν
253 591 326 642 νοῦν
340 581 415 661 ἔχειν
433 580 483 640 καὶ
502 580 543 659 μῆ
561 580 635 661 πρὸς
653 580 752 659 ἔρωτα.
830 649 832 652 y

52 719 62 757 ι
146 701 171 758 b.
197 704 433 777 μοχθεῦντας;
461 695 556 817 ἤγουν
581 694 724 776 ἐνδέχεται
746 696 817 770 τοὺς
842 684 1014 776 θερίζοντας
1040 705 1179 757 τοῦυῑλτ

79 803 224 877 θερισμοῦ
242 797 409 874 φροντίζειν
427 794 476 856 καὶ
495 794 536 873 μῆ
556 803 607 854 τοῦ
627 793 742 873 ἔρωτος.
772 793 787 855 6
806 793 923 876 λόγος’
910 817 942 855 ειι
960 805 1012 856 τοῦ
1029 795 1093 854 Μί-
1156 855 1159 860 ,

79 901 183 972 λωνος,
202 917 231 954 οι
224 892 280 953 66
299 892 349 954 ιιαλ
368 900 428 972 τοῖς
446 892 546 954 ἐπάνω
564 901 655 952 ταῦτα
674 893 864 954 συνάπτουσι.

147 1030 169 1070 c
193 1019 301 1070 ταῦτα
319 1009 381 1091 χρὴ
402 1007 658 1089 μοχθεῦντας’
644 1031 680 1069 εν
700 1007 799 1092 άλίιμε
823 1031 899 1081 τινες
912 1008 945 1070 ἐιι
958 1032 1011 1074 του
1027 1010 1091 1069 Μί
1103 1010 1160 1056 W

80 1116 173 1181 λωνος
196 1107 340 1188 λέγουσιν
359 1102 487 1168 εἶναι
462 1131 513 1168 τον
540 1105 669 1187 λόγον’
654 1107 712 1168 απὸ
738 1117 791 1180 τοῦ
820 1100 838 1186 ἤ
865 1088 1015 1180 ιιαλάς’
1003 1105 1094 1185 άμμε

40 1228 66 1266 ιο
81 1217 176 1268 ποῶν
200 1205 362 1282 ἐλελήθει
385 1203 665 1284 βοῦιιοςάοιδὰς
684 1198 726 1286 (v.
743 1199 800 1287 38)
820 1203 902 1285 μέχρι
920 1203 1093 1288 τέλουςτοῦ

80 1306 235 1365 είδυλλίου.
267 1301 344 1374 τινὲς
368 1300 399 1362 δὲ
427 1301 576 1382 λέγουσιν,
604 1301 648 1362 ὅτι
675 1300 707 1362 ἕιι
732 1311 784 1362 τοῦ
809 1302 953 1374 Μίλωνός
976 1301 1054 1362 ἐστιν
1078 1300 1094 1364 6

80 1402 166 1482 λόγος
184 1400 216 1461 τὸ
236 1393 255 1478 ἤ
274 1399 382 1471 ιιαλάς
400 1398 488 1478 άμμε
507 1408 603 1459 ποῶν
623 1397 721 1480 μέχρις
740 1399 827 1478 ὤμοι
845 1409 890 1459 τῶ
910 1400 1095 1480 πώγωνος,

81 1498 120 1561 ὃν
140 1498 291 1570 άλιθίως
310 1497 470 1573 άνέφυσα
489 1491 531 1578 (v.
547 1490 618 1578 40)·
641 1496 673 1556 τὸ
693 1495 725 1557 66
744 1496 814 1576 μετὰ
830 1506 931 1573 ταῦτα,
948 1495 1043 1577 ἤγουν
1062 1496 1094 1558 τὸ

82 1604 192 1658 θᾶσαι
216 1597 256 1674 δὴ
280 1594 341 1656 καὶ
363 1605 471 1669 ταῦτα
489 1590 571 1672 <τά>
594 1604 638 1654 τῶ
661 1597 749 1656 θείω
768 1593 948 1676 Λυτιέρσα
966 1589 1010 1677 (v.
1025 1588 1094 1677 41),

42 1715 68 1756 ιο
82 1695 198 1776 λέγουσι
212 1694 304 1774 λέγειν
318 1694 370 1755 τὸν
384 1694 496 1754 Βάττον
511 1691 592 1773 μέχρι
606 1701 659 1761 τοῦ
674 1693 718 1771 μῆ
735 1716 767 1752 τι
785 1693 897 1775 τάμγς
915 1692 979 1770 τῆν
997 1697 1095 1772 χεῖρα

83 1795 285 1873 καταπρίων
308 1792 344 1852 τὸ
368 1794 522 1870 ιιύμινον
546 1784 588 1873 (v.
609 1785 678 1872 55)'
706 1789 794 1861 τὸδὲ
817 1789 885 1870 έξῆς
905 1789 945 1862 ὡς
964 1789 1095 1851 ἀπὸτοῦ

88 1893 238 1968 Μίλωνος,
257 1890 351 1971 ἤγουν
370 1890 401 1950 τὸ
421 1899 528 1949 ταῦτα
546 1887 608 1969 χρῆ
628 1874 851 1968 μοχθεῦντας
869 1887 917 1948 ιιαλ
938 1889 1007 1960 τοὺς
1024 1887 1094 1966 μετὰ

84 1999 173 2050 ταῦτα
192 1990 246 2048 δύο
266 1990 388 2067 στίχους.

151 2105 177 2163 d.
202 2100 343 2184 φιλέργῳ,
368 2103 476 2178 φησίν,
501 2100 589 2182 άνδρί
611 2109 702 2160 ταῦτα
728 2099 968 2178 πρεπωδέστατον
994 2099 1122 2180 λέγεινκ

45 2225 70 2262 ιο
85 2202 135 2262 τὸν
155 2198 184 2260 δὲ
205 2201 258 2261 σὸν
273 2200 374 2277 ἔρωτα,
393 2193 567 2274 ὦΒουιιαῐε,
586 2200 690 2277 διηγοῦ
705 2207 742 2281 σῇ
758 2197 844 2278 μητρὶ
863 2197 894 2257 έν
913 2200 952 2283 τῷ
969 2198 1096 2282 θαλάμῳ

85 2293 148 2358 ἀντ’
170 2297 259 2358 άλλου
278 2298 452 2357 σπουδαίου.

153 2436 176 2472 e.
200 2413 351 2490 λιμηρὸν
374 2411 496 2491 ἔρωτας
524 2412 648 2492 πτωχόν.
685 2411 750 2492 περὶ
773 2421 826 2472 τοῦ
850 2410 955 2492 ἔρωτός
979 2429 1048 2488 σου,
1073 2405 1185 2471 ὧΚΕΡΤ

88 2516 223 2589 Βουιιαῑε,
241 2510 378 2590 ιιαθῆιιόν
397 2509 456 2571 ἔστι
473 2520 508 2594 τῇ
528 2511 616 2589 μητρί
632 2528 687 2571 σου
706 2510 798 2591 λέγειν
816 2509 847 2569 έν
861 2511 944 2594 κοίτῃ
959 2508 1032 2570 ιιατά
1046 2509 1098 2571 τὸν

87 2607 200 2687 ὄρθρον
219 2607 337 2693 κειμένῃ
356 2608 375 2688 ἤ
395 2607 573 2692 άνισταμένῃ
594 2606 717 2689 ὄρθρου,
737 2608 777 2687 μῆ
797 2618 854 2668 νῦν
872 2607 945 2686 ε’μοί.

158 2815 328 2889 ιβουιιόλοιι
342 2818 411 2881 eod.
431 2818 536 2870 correxi
609 2815 731 2884 ιίρωτα
749 2816 836 2870 tacite
808 2815 974 2885 tZiegler:
995 2815 1099 2881 ἔρωτας

88 2890 146 2943 eod.
238 2900 266 2941 12
285 2899 374 2943 ποιῶν
394 2895 438 2941 GP
527 2899 555 2941 14
574 2888 665 2958 suppl.
681 2887 749 2942 Call
835 2897 863 2938 19
881 2886 1098 2954 πρεπωδέστατα

88 2961 197 3030 Ziegler
305 2972 334 3012 ει
352 2959 463 3030 πτωχόν
481 2961 534 3048 λιρο
553 2907 626 3014 locop
634 2976 686 3013 om.
703 2965 771 3011 (m
791 2958 953 3012 addentes
945 2975 974 3010 1n
993 2958 1047 3011 fine
1066 2957 1097 3010 τὸ

88 3034 118 3086 66
138 3033 254 3101 λιμηρὸν
273 3033 334 3086 άντλ
355 3041 404 3086 του
423 3032 534 3102 πτωχόν
588 3033 653 3093 τοὺς
667 3031 770 3097 έρωτας
783 3037 807 3081 K
879 3039 908 3081 28
927 3033 1097 3083 ΒουκαῑεΚι

89 3103 175 3157 Βάττε
195 3106 259 3156 cett.
316 3111 457 3171 προσῆκον
477 3110 546 3155 GP'l'
601 3101 820 3172 κατά-κειμένῃ
840 3117 893 3153 om.
908 3107 932 3152 K
