2438 3870
120 98 183 163 196
326 144 328 148 .
406 98 518 155 Scholia
536 99 575 153 vl
590 98 838 170 ιεμοιι-οομιο

117 275 175 347 μῇς
190 264 333 327 ’ἐνταῦθα
358 265 432 347 λέγει
455 267 498 329 τὸ·
511 268 631 327 λίθινον
655 262 779 345 άγαλμα.
811 263 830 326 ὀ·
849 262 881 327 δὲ
900 273 985 337 νοῦς·
1009 263 1139 325 δύναται

116 361 136 443 ἡ
159 365 303 425 Γαλάτεια
330 363 380 425 καί
407 363 439 424 τὸ
468 365 587 425 λίθινον
614 361 730 444 άγαλμα
759 358 809 435 είς
828 361 879 423 τὸν
907 359 1014 440 ἑαυτῆς
1042 360 1139 443 ἔρωτα

70 504 72 507 -
117 461 339 524 ἐπισπάσασθαι
357 455 398 522 δι’
420 459 588 544 ὑπερβολὴν
606 469 659 535 τοῦ
677 460 812 534 κάλλους.

92 571 108 614 Κ
185 561 204 620 l.
228 552 252 621 άο
271 559 482 638 Πολύφαμεε
504 558 554 620 καί
575 559 627 638 σύ,
651 551 674 619 ὦ
693 557 877 636 Πολύφημε,
900 557 1074 637 δύσμορφος
1094 553 1139 617 ὢν

118 656 268 738 εὔμορφος
293 651 369 718 εἶναι
394 659 497 742 νομίζῃ
520 656 615 742 έρώση
638 667 673 741 τῇ
697 656 848 739 Γαλατείη.
885 662 1017 728 τοιοῦτος
1039 652 1096 735 γὰρ
1121 651 1137 714 ὁ
1166 677 1179 717 5

118 755 203 838 έρως·
222 753 375 835 άποβιάζει
394 754 449 833 την
468 755 605 815 διάνοιαν
623 763 683 815 τῶν
701 752 844 836 ἐρώντων.

72 863 110 907 Π
185 875 224 912 m.
248 845 266 932 ἦ
295 852 359 934 γὰρ
389 852 490 933 έρωτι
517 852 704 932 πολλάκις,
732 845 755 912 ὦ
781 851 994 929 Πολύφαμε,
1021 848 1062 910 τὰ
1090 849 1137 929 μὴ

38 1018 41 1022 ,
117 949 207 1011 καλά
229 949 317 1012 καλὰ
340 949 532 1029 πέφανταιτ
556 949 596 1029 μὴ
616 950 765 1028 θαύμαζε,
786 949 896 1027 φησίν,
914 941 938 1008 ὦ
956 947 1138 1027 Πολύφημε,

118 1047 147 1109 εί
163 1046 215 1132 έρᾷ
234 1066 289 1109 σου
308 1045 327 1127 ἡ
347 1049 489 1109 Γαλάτεια
508 1047 647 1126 ἀμόρφου
667 1045 760 1120 ὄντος.

26 1144 153 1202 [milwe
189 1167 217 1206 n.
242 1145 289 1225 μη
316 1145 409 1207 καλά
437 1146 545 1206 καλάς
574 1143 668 1226 ἤγουν
693 1144 730 1206 σύ
756 1141 840 1224 <μη>
865 1143 954 1218 καλὸς
979 1140 1021 1203 ύον
1046 1143 1139 1218 καλὸς
1153 1166 1180 1206 ιο

119 1244 224 1327 φαίνη.

11 1422 12 1425 ¹
187 1361 213 1401 0.
237 1339 376 1421 ἀμόρφου
396 1358 450 1401 σου
470 1339 554 1413 ὄντος
572 1339 625 1424 ἐρᾷ
644 1337 663 1418 ἡ
683 1339 833 1401 Γαλάτεια.

38 1439 110 1496 xuu‘
188 1441 354 1500 20—24a.
377 1444 421 1523 τῷ
444 1432 472 1499 δ’
498 1438 554 1499 έπι
578 1439 772 1517 Δαμοίταςι
796 1435 811 1498 ὁ
836 1438 985 1516 Δαμοίτας
1008 1432 1074 1520 ᾅδει
1097 1433 1139 1510 ὡς

119 1537 152 1599 ἐκ
170 1537 331 1618 προσώπου
345 1545 398 1596 τοῦ
415 1535 605 1615 Πολυφήμου
620 1536 675 1615 την
689 1533 847 1615 ἀπόκρισιν
861 1544 913 1596 τοῦ
928 1535 1016 1615 λόγου
1031 1535 1138 1595 ποιού-

121 1657 209 1714 μενος
231 1635 284 1695 καί
303 1650 409 1712 φησιν·
433 1628 529 1713 εἶδον,
554 1633 593 1706 ὡς
612 1632 717 1714 λέγεις,
741 1632 795 1710 την
813 1632 990 1711 Γαλάτειαν,
1012 1629 1063 1691 καλ
1081 1630 1139 1692 ούκ
1153 1655 1180 1696 ισ

120 1730 209 1793 ἔλαθέ
232 1754 290 1811 μου
313 1731 365 1792 τὸν
383 1729 436 1792 ἕνα
455 1728 614 1811 ὀφθαλμὸν
633 1731 683 1792 καὶ
700 1732 827 1812 γλυκύν,
851 1730 884 1791 έν
903 1719 981 1816 ᾧπερ
1000 1738 1057 1790 νῦν
1078 1726 1138 1810 ὁρῶ

120 1829 170 1890 καί
188 1829 234 1909 εἴη
254 1853 304 1908 μοι
322 1828 404 1912 μέχρι
423 1828 523 1903 τέλους
542 1827 616 1911 ὁρᾶν

76 1940 112 1983 ΡΤ
187 1929 215 1988 b.
239 1933 282 2011 τῷ
299 1921 326 1988 θ’
348 1927 405 1988 έπι
424 1929 617 2006 Δαμοίταςε
636 1925 684 1987 ἐπὶ
698 1933 736 2010 τῷ
747 1926 881 2004 Δάφνιδι
895 1923 937 2003 δέ,
954 1921 1050 2005 ἤγουν
1065 1920 1139 2002 μετὰ

120 2023 172 2086 τὸν
191 2025 321 2103 Δάφνιν.
354 2026 386 2088 τὸ
406 2023 438 2087 δέ
455 2024 668 2105 ἀνεβάλλετο
688 2022 753 2084 άντλ
771 2033 824 2085 τοῦ
842 2020 1068 2104 έπροοιμιάζετο.

16 2125 111 2180 tumn
188 2144 212 2185 ο.
235 2122 421 2204 άναβάλλω
439 2120 471 2205 γ’
489 2124 638 2203 σημαίνει·
662 2119 817 2202 άναβάλλω
836 2119 868 2181 τὸ
887 2119 1045 2198 ένὸύομαι,
1063 2117 1139 2179 άνα-
1153 2142 1179 2184 ιο

121 2223 218 2301 βάλλω
243 2221 275 2283 τὸ
299 2221 427 2305 ῥαθυμῶ
451 2220 501 2281 καὶ
523 2219 760 2302 ἀποστρέφομαι,
788 2216 892 2279 καὶτὸ
916 2215 1073 2298 άνακρούω
1097 2214 1139 2290 ὣς

121 2319 263 2380 ἐνταῦθα.

77 2435 112 2477 PT
189 2413 246 2497 [d]
270 2415 457 2496 άναβάλλω
483 2416 620 2494 σημαίνει
644 2411 687 2474 δ’·
713 2413 745 2474 τὸ
769 2412 912 2492 ἕνδύομαι
935 2409 974 2485 ὡς
997 2412 1029 2474 τὸ
1048 2409 1139 2473 (άνα-

122 2512 301 2594 βαλλόμενος
323 2521 390 2590 φῶς
414 2509 454 2585 ὡς
475 2510 602 2590 ίμάτιον’
624 2504 907 2594 (Psalm.103,2)·
932 2510 963 2571 τὸ
982 2510 1141 2591 προοιμιά-

123 2614 208 2688 ζομαι
235 2607 275 2684 ὡς
303 2609 334 2669 τὸ
360 2606 547 2688 “άνεβάλλετο
571 2608 662 2670 καλὸν
684 2604 809 2669 άείδειν’
835 2601 869 2690 (α
890 2601 979 2690 155)·
1009 2607 1041 2668 τὸ
1064 2605 1139 2668 άνοι-
1153 2631 1180 2673 ιε

122 2707 221 2789 κρούω
241 2705 280 2780 ὡς
298 2705 329 2767 τὸ
351 2703 411 2766 ’καί
431 2707 462 2765 οἱ
479 2703 532 2784 μὲν
550 2704 671 2787 τέττιγες
690 2706 837 2785 μουσικὴν
856 2704 1051 2785 ἀνεβάλλοντο
1066 2705 1140 2766 σύν-

193 2862 224 2904 οε
243 2850 314 2906 Orus
324 2851 397 2917 Περὶ
410 2853 505 2904 πολυο.
516 2849 567 2916 eet.
579 2852 775 2918 (Reitzenstein
787 2851 879 2906 Geseh.
888 2851 914 2905 d.
922 2868 962 2922 με.
969 2851 1063 2922 Εληοι.
1070 2853 1138 2918 339)

194 2996 208 3038 ε
227 2985 313 3053 αὐτῆς
332 2991 351 3036 T
458 2994 488 3036 10
506 2985 597 3054 suppl.
612 2985 721 3038 Ahrens
794 2981 878 3045 καλὸς
897 3004 927 3050 φ.
946 2987 981 3036 A:
1001 2980 1089 3047 κακὸς
1107 3003 1138 3052 φ.

122 3058 188 3110 cett.
260 3066 288 3109 15
308 3055 393 3109 verba
412 3056 459 3108 καί
479 3057 530 3110 οὐκ
551 3055 635 3110 ἔλαθε
654 3072 740 3124 seqq.‚
760 3071 833 3123 quae
850 3055 880 3108 in
895 3060 917 3106 T
933 3054 1139 3122 desiderantur,

122 3143 173 3196 pro
196 3143 269 3181 novo
291 3126 398 3180 scholio
418 3128 532 3180 suntin
551 3132 573 3180 G
590 3127 723 3181 lemmate
742 3126 775 3181 ού
794 3123 824 3195 μ’
846 3126 932 3182 ἔλαθε
949 3124 1102 3195 praemisso

121 3209 150 3250 10
174 3197 382 3266 ἐπροοιμιάζετο
406 3201 482 3250 ms
571 3208 600 3250 τε
624 3198 692 3252 ordo
716 3197 913 3252 definitionum
930 3197 961 3250 in
979 3203 999 3250 T
1017 3197 1064 3251 hie
1082 3199 1140 3251 est:

122 3269 154 3324 τὸ
174 3267 344 3338 προοιμιάζω
365 3265 498 3338 (εἰη-τὸ
518 3269 739 3338 άνακρούω-τὸ
759 3267 979 3338 ίνδύομαι-καί
997 3268 1028 3323 τὸ
1047 3269 1141 3337 ἀπαρ-

123 3349 227 3410 νοῦμαι
244 3344 300 3394 κτλ.
355 3336 387 3394 τὸ
407 3339 422 3393 ὁ
441 3341 563 3411 ἀναβ.Τ
644 3351 673 3393 24
692 3341 729 3403 ὡς
746 3337 778 3395 τὸ
798 3339 946 3408 ίμάτιονΡ
1027 3349 1057 3392 2⁰
1075 3342 1141 3408 post

122 3412 273 3481 ἀνακρούω
296 3417 316 3463 T
343 3410 407 3464 add.
436 3413 485 3464 καλ
513 3409 667 3480 ἀναπέμπω
691 3409 851 3481 (άναμέλπω
875 3410 1086 3478 Hemsterhuys)

123 3486 173 3538 καὶ
191 3489 279 3539 om.1’
