2438 3870
430 157 543 212 Scholia
564 155 586 210 v
602 157 716 227 ιιιμεο
724 172 805 210 a-1n
1062 160 1125 222 187

177 326 388 387 147-1502.
404 323 420 386 6
435 326 610 397 λενκίταςε
623 323 781 403 πεποίηται
795 323 826 384 τὸ
843 321 937 403 ὄνομα
950 323 1009 386 άπὸ
1024 335 1076 405 τῆς
1087 336 1208 383 mun

107 419 282 499 λευκότητος
305 433 358 485 τοῦ
381 425 498 506 τράγου.
531 422 571 497 ὡς
594 420 652 485 ἀπὸ
671 431 723 483 τοῦ
743 420 829 500 μίσος
847 424 965 501 μεσίτης
983 421 1033 484 καλ
1054 420 1123 497 ὁδὸς

107 514 220 597 ὁδίτης,
239 520 316 581 ούτω
334 519 385 582 καὶ
403 519 462 584 άπὸ
480 531 534 582 τοῦ
552 519 654 593 λευκὸς
673 521 814 599 λευκίτης.

174 617 203 679 b.
226 620 441 699 κσρυπτίλος
461 617 477 680 ὁ
495 618 594 699 κέρασι
613 618 757 696 πλήττων.
1135 619 1188 675 xu‘

80 736 93 776 ι
175 733 200 776 υ.
224 709 329 790 ούτος
352 715 368 778 6
391 718 557 790 λευκίτας
580 715 595 778 6
618 716 845 793 κορυπτίλοςε
861 713 887 794 ή
910 715 1052 790 άπότασις
1070 726 1208 778 vovatus

106 812 198 893 λόγου
220 815 295 897 πρὸς
317 815 369 876 τὸν
387 815 496 896 τράγον
514 813 699 896 ἐπιτρέχοντα
716 819 780 887 ταῖς
798 813 857 889 αἰξί
874 813 925 874 καί
943 820 1004 888 τοῖς
1022 813 1124 896 κέρασι

105 911 267 992 τύπτοντα,
291 913 426 993 μάχιμον.
463 915 628 987 λευκίτας
654 910 685 973 δὲ
711 909 726 972 6
751 912 853 986 λευκὸς
875 922 1059 995 παραγωγάς
1083 911 1124 986 ὁις

55 1072 58 1075 .
106 1005 165 1070 άπὸ
193 1020 245 1072 τοῦ
272 1008 340 1084 ὁδὸς
365 1008 479 1090 ὁδίτης,
509 1011 725 1091 κορυπτίλος
751 1008 767 1071 6
795 1010 937 1091 κεράστης
969 1009 989 1091 ή
1018 1009 1033 1071 6
1061 1017 1123 1084 τοῖς

105 1105 208 1188 κέρασι
228 1109 372 1188 πλήττειν.

68 1225 91 1265 ιο
172 1207 200 1266 d.
224 1206 240 1270 6
263 1209 491 1288 κορυπτίλοςε
516 1205 531 1268 ὁ
554 1208 686 1286 πλήκτης
709 1205 768 1268 άπὸ
791 1217 844 1268 τοῦ
863 1207 1008 1287 κορύτιτοι.
1047 1207 1169 1288 πρὸςΡῐ

104 1303 156 1366 τὸν
181 1306 289 1386 τράγον
314 1303 346 1367 δὲ
371 1306 457 1368 τοῦτό
483 1325 577 1385 φησιν
602 1304 787 1385 ἐπιτρέχοντα
812 1311 875 1378 ταῖς
901 1304 960 1378 αίξὶ
986 1304 1036 1366 καὶ
1059 1310 1122 1378 τοῖς

103 1400 204 1483 κέρασι
222 1403 376 1466 τύπτοντα.

171 1521 196 1561 ο.
219 1499 315 1580 φησὶν
332 1493 399 1562 ούν·
424 1500 476 1562 ἐὰν
493 1501 641 1586 τολμήσης
659 1499 791 1581 ὀχεῦσαι,
810 1499 902 1581 πρινή
921 1524 956 1580 με
974 1507 1069 1562 θῦσαι
1082 1510 1206 1555 mm

102 1603 167 1671 ταῖς
186 1598 337 1678 Νύμφαις·
351 1596 390 1677 ἣν
410 1598 532 1678 ἐνίκησα
550 1598 646 1679 ἀμνὸν
664 1599 716 1661 τὸν
730 1599 874 1677 Λάκωνα,
892 1600 995 1660 θλάσω
1015 1616 1069 1660 σου
1084 1596 1119 1658 τὰ

64 1721 87 1760 ιε
102 1695 211 1757 αίδοῖα.

169 1797 190 1855 f.
214 1795 249 1856 εἴ
261 1789 327 1856 τιν’
349 1792 519 1875 ὁχευσεῖςι
539 1796 570 1856 εί
582 1819 649 1856 τινα
667 1795 885 1876 άναβιβάσειας.
1128 1803 1188 1849 ¹⁰¹¹

169 1913 198 1971 g.
222 1898 342 1970 φλασῶ
361 1915 414 1954 vv:
433 1893 536 1954 θλάσω
554 1901 703 1973 Δωρικῶς.
1107 1891 1218 1948 Wff

168 1992 197 2052 h
221 1995 464 2072 καλλιερήσαιε
483 1997 585 2052 θῦσαι.

168 2091 188 2149 i.
212 2083 265 2151 ὁδ’
295 2082 341 2150 αύ
369 2089 500 2150 πάλινε
528 2087 543 2150 6
572 2090 691 2170 τράγος,
720 2090 805 2168 φησί,
833 2089 922 2149 πάλιν
950 2088 1001 2161 τὰς
1030 2083 1164 2170 αίγαςΡΤ

58 2210 85 2251 ιο
100 2187 209 2248 τύπτει.
242 2184 316 2247 ἀλλὰ
333 2187 385 2249 ἐὰν
404 2187 441 2248 ού
460 2188 563 2248 θλάσω
582 2205 628 2266 σε,
646 2188 788 2267 γενοίμην
806 2185 871 2247 άντί
889 2186 1013 2265 Κομάτα
1032 2191 1116 2247 Μελ-

98 2283 216 2358 άνθιος.

166 2383 196 2444 k.
219 2379 258 2462 <6
266 2376 293 2443 δ’
315 2376 362 2444 αὖ
380 2380 532 2462 πάλινι>
551 2383 641 2444 λείπει
659 2383 691 2444 τὸ
711 2381 813 2464 ὀχεύει.
1092 2387 1218 2444 κὸιῧυέ

166 2481 186 2541 l.
210 2479 296 2541 ἀλλὰ
314 2482 498 2562 γενοίμανι
522 2476 585 2541 ἀλλ’
606 2479 658 2542 ἐὰν
677 2481 718 2561 μή
738 2499 769 2542 σε
788 2481 906 2561 θλάσσε,
925 2481 1067 2562 γενοίμην
1082 2493 1202 2540 mun

98 2575 166 2638 ἀντὶ
179 2587 232 2639 τοῦ
241 2579 365 2657 Κομάτα
375 2580 554 2653 Μελάνθιος
567 2577 617 2640 καί
631 2580 811 2659 κολασθείην
826 2579 922 2659 ὥσπερ
935 2578 1046 2653 ἐκεῖνος
1054 2579 1113 2642 ύπὸ

57 2699 83 2738 τι
97 2675 239 2755 Εὐμαίου
258 2676 308 2737 καὶ
325 2677 476 2738 Φιλοιτίου
495 2677 527 2738 ἐν
546 2683 607 2751 τοῖς
622 2670 785 2750 Ὀδυσσέως
799 2677 893 2750 οἴκοις
908 2670 938 2758 (χ
954 2673 1113 2757 474sqq.).

165 2796 203 2836 m.
227 2774 279 2836 τὸν
298 2770 368 2855 παρ’
385 2769 502 2861 Ὁμήρῳ
522 2774 597 2854 φησί
616 2777 804 2837 Μελάνθιον.
820 2767 876 2855 ’ήν
894 2774 950 2855 γὰρ
969 2776 1076 2848 δοῦλος
1104 2787 1200 2834 tum

96 2881 157 2933 τῶν
176 2872 353 2953 μνηστήρων
373 2883 426 2952 τής
444 2875 632 2952 Πηνελόπης.

169 3054 181 3096 1
199 3043 311 3097 initium
332 3061 421 3134 usque
440 3045 476 3098 ad
494 3045 600 3115 τράγου
618 3063 672 3100 om.
687 3051 740 3112 H,
758 3046 858 3114 postea
871 3049 891 3096 Τ
905 3042 1007 3113 incipit
1021 3042 1111 3111 ὥσπερ

96 3113 128 3169 δὲ
151 3114 309 3184 παράγεται
331 3117 388 3170 ἀπο
413 3124 463 3169 τοῦ
555 3127 566 3169 ε
587 3116 625 3180 ὡς
642 3116 698 3171 άπὸ
717 3123 767 3170 τοῦ
786 3113 853 3176 ὁδὸς
871 3113 966 3184 ὁδίτης
983 3116 1014 3168 in
1031 3115 1111 3169 libris

96 3184 230 3256 loguniur
257 3189 324 3241 anto
351 3186 378 3254 ή,
406 3189 512 3256 transp.
540 3188 629 3242 Adert
736 3197 751 3238 8
778 3185 941 3255 κερατιστής
968 3186 1075 3240 Ahrens

95 3267 124 3310 12
141 3257 283 3312 τύπτοντα
305 3264 337 3311 1¹:
360 3257 516 3327 πλήττοντα
535 3265 554 3312 Τ
622 3259 725 3312 Ταδδ.
745 3273 760 3311 e
780 3257 884 3312 scholio
905 3275 931 3312 o:
952 3255 967 3312 6
986 3256 1112 3318 λευκίτας

96 3329 128 3382 δέ
152 3327 167 3382 ὁ
191 3329 289 3392 λευκὸς
310 3337 484 3398 παραγυγῶς
573 3341 601 3383 14
624 3327 661 3398 ἣν
679 3336 714 3382 K:
740 3327 773 3384 ὃν
793 3331 859 3383 cett.
949 3338 978 3381 16
998 3327 1111 3399 ἐμβιβά-

95 3414 173 3461 σειας
190 3405 227 3452 1:ss
315 3411 342 3453 ιε
367 3407 441 3468 Δωρ.
465 3406 559 3454 om.P
648 3411 677 3453 εὖ
703 3398 843 3455 Φιλοιτίου
865 3399 999 3453 Heinsius
1023 3399 1109 3467 (331):

97 3467 236 3533 Φιλοίτιος
253 3477 315 3525 KG:
341 3471 478 3534 Φιλοίτιος
496 3472 549 3540 ἐγὼ
569 3474 634 3527 cett.
708 3482 738 3524 τε
757 3469 866 3543 Ὁμήρῳ
885 3476 916 3524 Τι
937 3467 1059 3538 Ὁμήρου
1077 3475 1109 3522 P:

88 3538 214 3610 Ὅμηρον
233 3544 298 3596 ceti.
353 3538 389 3612 ήν
409 3561 484 3612 seqq.
500 3549 589 3597 om.1’
