2438 3870
450 161 653 232 Prolegomena
670 163 762 218 latina
1077 164 1117 229 19

102 333 228 405 fuerint,
252 331 330 406 quod
353 333 454 389 tamen
476 331 624 407 Vergilius
646 350 664 390 a
683 333 841 392 Theocrito
861 351 949 409 saepe
968 336 1118 393 servatum

103 429 200 487 victus
220 430 316 504 operis
336 429 515 488 difficultate
534 430 675 506 neglexit.

404 643 531 702 Iunius
555 643 810 720 Philargyrius

170 756 280 816 domm.
295 759 327 817 in
341 758 429 836 Verg.
445 759 517 817 Buc.
535 763 591 833 la,
608 761 748 834 12—2a,
764 760 783 817 8
798 759 918 836 Hagen:
942 759 1014 818 Tres
1036 759 1117 818 modi
1136 793 1171 801 —-

75 856 284 921 elocutionum
304 859 383 930 sunt,
405 875 479 931 quos
497 865 679 936 χαρακτῆρας
695 855 800 933 Graeci
814 859 932 930 vocant,
951 855 1050 935 ἰσχνός
1065 860 1117 932 qui

100 956 206 1028 tenuis
227 950 314 1030 μέσος
332 954 383 1028 qui
399 955 578 1030 moderatus,
598 951 688 1034 ἁδρός
706 956 759 1030 qui
774 954 891 1014 validus
908 947 1113 1036 intellegitur!

100 1050 195 1109 tribus
214 1051 310 1110 modis
331 1071 448 1110 carmen
462 1052 623 1110 inducitur.
657 1053 702 1110 est
716 1055 795 1110 enim
809 1053 915 1112 modus
930 1050 1115 1133 δραματιαός,
1131 1065 1145 1106 o

100 1152 144 1207 est
162 1147 347 1228 ἕξηγητιαός,
367 1152 411 1210 est
430 1148 538 1226 μικτός.
572 1148 749 1227 δραματιαός
767 1154 825 1224 est,
844 1153 875 1208 in
895 1169 953 1226 quc
972 1169 1119 1226 personae

98 1246 296 1321 inducuntur,
319 1245 489 1326 ἕξηγητιαός
513 1251 565 1323 qui
586 1250 616 1305 et
634 1246 839 1321 διδασκαλιαός
858 1249 982 1324 dicitur,
1004 1251 1115 1324 inquo

60 1364 85 1402 10
99 1348 189 1418 poeta
208 1345 290 1403 solus
308 1345 453 1420 loquitur,
472 1342 572 1421 μικτός
591 1347 689 1404 estex
707 1348 835 1421 utroque
854 1349 1002 1406 constans

168 1470 409 1546 9a,25-11a‚
426 1471 480 1528 23:
503 1470 638 1529 bucolica
663 1474 763 1530 autem
782 1474 813 1530 et
830 1471 889 1529 dici
908 1474 939 1529 et
956 1475 1035 1530 recte
1046 1471 1113 1530 dici
1127 1481 1159 1526 oa

99 1566 147 1623 rel
166 1566 221 1624 hoc
239 1567 348 1626 indicio
367 1569 488 1643 probari
506 1569 671 1642 suffecerat,
691 1569 771 1644 quod
785 1569 887 1628 eodem
901 1569 1019 1629 nomine
1034 1570 1114 1644 apud

99 1664 291 1723 Theocritum
319 1669 504 1724 censeantur.
537 1685 639 1726 verum
668 1667 746 1726 ratio
776 1685 895 1743 quoque
919 1668 1114 1726 monstranda

98 1765 150 1820 est.
183 1762 242 1820 tria
261 1782 370 1840 genera
387 1767 542 1840 pastorum
561 1767 639 1840 sunt,
659 1767 713 1839 qui
731 1764 909 1842 dignitatem
926 1765 957 1822 in
971 1764 1113 1824 bucolicis

59 1879 82 1918 re
98 1860 221 1934 habent,
245 1880 372 1936 quorum
394 1861 511 1919 minimi
535 1862 678 1936 caprarii,
705 1863 796 1938 paulo
822 1862 1026 1921 honoratiores
1051 1863 1113 1938 opi·

97 1958 204 2033 lienes,
230 1959 453 2018 honoratissimi
476 1959 599 2017 bubulci
622 1951 764 2039 (bucolici
786 1951 878 2039 libri).
915 1959 994 2016 unde
1017 1961 1113 2036 igitur

96 2057 192 2131 magis
217 2056 317 2114 decuit
339 2056 485 2130 pastorali
508 2057 636 2114 carmini
658 2075 766 2114 nomen
788 2057 915 2130 imponi,
939 2056 999 2114 nisi
1020 2056 1057 2114 ab
1077 2077 1119 2117 eo.

96 2153 200 2228 gradm
220 2155 272 2227 qui
290 2154 351 2210 fere
367 2154 447 2229 apud
462 2155 597 2228 pastores
613 2153 875 2212 excellentissimus
890 2156 934 2212 est
947 2149 1110 2213 inventus?

163 2259 268 2332 quaeri
296 2259 384 2331 solet,
411 2258 490 2316 unde
518 2259 663 2336 originem
690 2258 772 2317 ducit
794 2259 960 2319 bucolicum
983 2279 1109 2321 carmen.
1124 2275 1157 2315 sa

54 2376 80 2414 ao
95 2355 232 2412 nonnulli
261 2374 278 2412 a
305 2354 547 2414 Lacedaemoniis
580 2357 724 2434 originem
752 2358 910 2434 sumpsisse
939 2358 1108 2434 opinantur.

95 2471 222 2527 namque
240 2456 425 2532 transgresso
440 2454 535 2512 Xerxe
553 2454 584 2512 in
600 2453 753 2514 Graeciam
772 2474 842 2532 rege
856 2455 1024 2530 Persarum,
1043 2475 1109 2515 cum

95 2549 261 2624 Spartanae
280 2552 412 2629 virgines
431 2551 485 2610 sub
504 2551 607 2610 hostili
620 2555 703 2610 metu
717 2573 811 2629 neque
826 2553 926 2630 egredi
940 2553 1043 2612 urbem
1058 2573 1107 2613 ne·

94 2667 150 2722 que
174 2669 315 2725 pompam
337 2650 517 2724 chorumque
536 2650 631 2708 colere
650 2653 812 2726 potuerunt
831 2670 973 2728 aramque
992 2651 1107 2711 Dianae

93 2744 228 2805 demere
248 2766 389 2821 exercere,
408 2747 514 2805 turbae
533 2738 697 2826 (exerceret
714 2749 786 2807 urbe
801 2749 835 2822 P,
854 2751 1039 2808 exerceretur
1051 2749 1106 2808 bae

53 2865 77 2902 re
92 2843 131 2912 N,
152 2848 262 2904 correxi
280 2863 313 2904 ec
326 2841 457 2923 Isidoro)
473 2848 635 2920 pastorum,
654 2865 691 2905 ne
707 2839 797 2925 [sine]
812 2841 984 2925 religio[ne]
1001 2842 1108 2925 (delevi

93 2943 153 2999 coll.
164 2935 294 3023 Isidoro)
310 2944 488 3019 praeteriret
503 2938 560 3020 (ita
569 2944 608 3016 N,
623 2946 821 3018 praeterirent
829 2939 870 3022 P)
883 2944 1010 3003 eundem
1019 2963 1106 3004 usum

92 3040 251 3099 inconditis
275 3041 412 3100 cantibus
437 3040 662 3099 celebraverunt
685 3041 970 3117 appellaveruntque
993 3042 1104 3101 bucoli-

92 3155 159 3195 cum
179 3157 197 3194 a
215 3136 350 3197 bubulcis
370 3131 480 3218 (bubus
501 3129 591 3217 cors).

159 3243 212 3302 alii
240 3244 276 3302 ab
303 3242 409 3304 Oreste
435 3243 513 3303 circa
537 3243 671 3304 Siciliam
694 3263 771 3323 vago
794 3247 825 3304 id
843 3238 940 3324 'genus
965 3247 1104 3306 carminis

51 3362 76 3400 so
91 3340 206 3400 Dianae
224 3341 373 3400 redditum
392 3337 425 3419 <,
447 3343 477 3400 et
494 3342 645 3401 redditum
663 3363 716 3418 per
735 3337 854 3421 (addidi
872 3362 887 3404 e
904 3347 965 3404 vita
982 3345 1104 3414 Donati,

90 3439 141 3496 sed
161 3440 290 3498 rediberet
307 3433 413 3519 libo»
434 3439 532 3514 ipsum
552 3443 642 3516 atque
660 3444 794 3515 pastores
813 3441 928 3516 dicunt,
952 3461 1010 3517 quo
1029 3444 1102 3499 tem-

89 3554 160 3610 pore
184 3536 220 3594 dc
247 3536 370 3611 Scythia
394 3537 521 3595 Taurica
550 3556 616 3596 cum
642 3555 741 3597 sorore
763 3538 939 3615 profugerat
963 3538 1102 3614 subrepto

907 3636 941 3688 2*
