2438 3870
128 112 193 176 318
489 112 602 166 Scholia
619 112 698 166 XVII
711 119 782 166 a-8

303 455 415 527 XVII.
434 455 647 544 Ἕπαινος
677 460 966 548 Πτολεμαίου

42 680 120 725 mm
198 690 223 728 a.
245 674 338 729 Τοῦτο
357 669 389 729 τὸ
408 669 555 729 είδάλλιον
572 670 615 742 είς
629 672 813 746 Πτολεμαῖον
827 668 878 728 τὸν
895 669 1085 748 Φιλάδελφον
1099 670 1149 752 γέ-

130 781 268 849 γραπται·
288 764 304 826 ὁ
324 764 356 827 δὲ
373 767 559 843 Φιλάδελφος
574 771 757 845 Πτολεμαῖος
772 768 956 845 Πτολεμαίου
970 776 1023 828 τοῦ
1037 768 1149 850 Λάμου

129 865 180 925 ιιαλ
198 865 356 943 Βερενίκης
378 856 417 943 ἣν
440 870 516 937 παῖς.
551 865 597 926 διὸ
620 864 670 925 καὶ
692 862 851 943 ἁμαρτάνει
872 862 888 924 ὅ
907 865 1086 940 Μουνάτιος
1103 866 1149 940 εἰς

130 962 201 1035 τοὺς
218 961 343 1044 χρόνους
362 971 415 1022 τοῦ
436 963 594 1043 Θεοκρίτου
613 960 803 1041 ἀναβιβάζων
821 962 872 1023 τὸν
889 963 1079 1042 Φιλοπάτορα
1097 986 1147 1025 το·
1176 994 1193 1035 5

131 1060 239 1121 σοάτου
257 1059 366 1140 χρόνον
386 1058 548 1138 μαχόμενος
569 1060 752 1137 διαστήματι.

109 1171 122 1212 ε
199 1154 253 1237 [b.]
272 1166 361 1236 τριῶν
375 1155 470 1218 ὄντων
483 1167 542 1216 τῶν
557 1159 760 1235 Πτολεμαίων,
774 1158 891 1238 πρώτου
906 1155 963 1235 μέν.
972 1167 1026 1218 τοῦ
1037 1159 1147 1240 Λάγου

132 1256 333 1333 Πτολεμαίου,
353 1251 489 1335 δευτέρου
508 1264 560 1315 τοῦ
580 1260 735 1337 Σωτῆρος,
754 1256 852 1336 τρίτου
870 1265 923 1316 τοῦ
944 1254 1149 1335 Φιλαδέλφου,

130 1351 267 1434 περὶτοῦ
285 1353 383 1431 τρίτου
403 1349 419 1414 ὁ
438 1353 531 1432 λόγος.

43 1480 121 1524 mm
201 1472 287 1529 1-4
296 1489 322 1528 a.
342 1466 381 1529 ἔτι
397 1468 482 1541 Διὸς
497 1467 722 1548 ἀρχώμεσθαε
734 1462 865 1552 ’Λρατείμ
878 1467 1012 1550 κέχρηται
1025 1468 1148 1555 εἰσβολῇ
1163 1499 1194 1540 1⁰

133 1560 256 1648 (Phaen.
274 1560 316 1648 1).

42 1675 122 1718 um
199 1665 227 1722 b.
251 1663 283 1724 έιι
301 1673 354 1724 τοῦ
370 1657 500 1745 Ὀρφέως
521 1656 572 1744 (cf.
587 1666 658 1742 fgm.
675 1666 725 1723 46.
743 1667 805 1724 123
820 1665 910 1741 Abel,
928 1687 956 1742 p.
973 1670 1045 1726 167.
1065 1662 1149 1749 202)

132 1760 163 1821 τὸ
183 1763 348 1842 προοίμιον.

43 1869 122 1914 nm
202 1879 226 1919 ο.
249 1869 320 1937 πᾶν,
340 1859 425 1939 φησί,
444 1859 558 1937 ποίημα
577 1858 648 1919 ὅταν
666 1859 836 1939 γράφωμεν,
855 1858 1007 1940 ὑμνοῦμεν
1021 1861 1074 1924 τὸν
1088 1864 1151 1923 Δία

133 1956 165 2017 έν
192 1957 319 2036 πρώτοις
347 1955 397 2018 καὶ
424 1957 569 2036 πυμάτοις
596 1956 646 2017 παὶ
669 1955 779 2035 μέσοις·
808 1956 857 2018 καὶ
881 1960 1067 2038 Πτολεμαίου
1090 1951 1149 2020 οὖν
1164 1987 1192 2028 ιι

133 2061 314 2134 μνησθῶμεν
333 2054 366 2115 ἐν
385 2053 458 2140 ἀρχῇ
478 2053 528 2116 καί
547 2054 579 2116 ἐν
598 2054 674 2140 μέσῳ
693 2053 743 2116 καί
762 2054 795 2117 έν
813 2053 886 2116 τέλει
903 2065 956 2117 τοῦ
974 2056 1149 2135 ποιήματος.

96 2163 131 2216 xm
201 2164 229 2221 8.
255 2163 286 2223 οἱ
301 2161 356 2242 γάρ
375 2163 465 2241 ὕμνοι
483 2161 533 2222 καὶ
551 2168 632 2222 θεῶν
651 2160 737 2242 γέρας
756 2163 813 2222 εἰσί
831 2209 837 2222 .

201 2344 230 2386 10
248 2334 317 2386 Ach.
333 2332 437 2387 Comm.
452 2335 528 2387 Atat.
544 2339 592 2399 81,
608 2339 713 2386 22-35
728 2334 821 2386 Maass
890 2333 964 2387 Serv.
980 2331 1062 2402 Verg.
1078 2333 1150 2388 Βωο.

132 2404 170 2457 ΠΙ
185 2409 218 2457 60
273 2404 398 2473 Philarg.
413 2404 452 2458 ib.

202 2562 270 2617 Τίλλι
290 2562 428 2626 ὑπόθεσις
442 2562 560 2618 ἐπαίνου
575 2562 751 2633 Πτολεμαίου
765 2571 800 2616 K:
820 2562 956 2626 ὑπόθεσις
971 2563 1151 2633 Πτολεμαίου

132 2635 181 2687 καὶ
200 2633 336 2702 ἐγκώμιον
351 2635 391 2696 εἰς
404 2632 453 2690 τὸν
468 2633 555 2690 αὐτόν
569 2640 683 2689 mr:
699 2635 835 2704 ἐγκώμιον
850 2636 889 2697 εἰς
902 2639 1079 2704 Πτολεμαῖον
1092 2641 1114 2689 1.

131 2702 318 2772 τγέγραπται
336 2713 372 2758 K:
397 2703 597 2774 ἐπιγέγραπται
624 2709 689 2760 vett.
715 2706 768 2760 hoo
791 2705 897 2775 recepit
915 2706 1024 2761 Μοῖσαι
1047 2706 1150 2763 addito

134 2774 312 2848 (ἐγκώμιον)
338 2779 403 2845 post
429 2777 567 2832 είὸάλλιον
628 2780 693 2847 post
716 2775 869 2845 γέγραπται
894 2779 950 2832 sch.
967 2778 1044 2849 1s4a
1068 2778 1100 2832 in
1125 2786 1152 2834 1

132 2846 312 2902 interser'num
383 2858 398 2900 8
417 2847 432 2901 ὁ
452 2849 483 2903 δὲ
499 2851 556 2902 Φιλ.
572 2851 623 2902 Πτ.
638 2856 673 2901 1:
694 2845 724 2910 ὃς
743 2850 807 2902 cett.
862 2854 958 2918 Λάγου
972 2855 1008 2902 K:
1027 2855 1151 2919 Λαμωοῦ

133 2920 199 2971 cett.
285 2930 299 2971 4
320 2911 356 2986 ἦν
375 2936 428 2973 om.
443 2925 519 2972 um
605 2921 702 2981 στοίις
720 2919 797 2990 χρόν.
816 2928 866 2974 τοῦ
888 2923 918 2975 Θ.
939 2921 1021 2991 ἀναβ.
1040 2920 1082 2983 τίς
1097 2922 1151 2979 τὸν

135 2991 230 3043 Φιλοπ.
250 2996 274 3041 K
327 2990 662 3059 τοσούτου-διαστήματι
680 2997 716 3043 K:
736 2991 770 3044 οὐ
789 2991 912 3046 συνιδὼν
929 2991 1065 3046 τοσούτου
1082 2992 1151 3063 106·

133 3079 184 3113 νου
203 3061 377 3130 διαστήματα
396 3059 552 3132 μαχόμενος
570 3063 648 3115 ceth:
672 3062 705 3116 οὐ
725 3078 783 3116 συν.
802 3078 858 3116 τοσ.
877 3082 918 3132 χρ.
938 3062 1078 3131 διάστημα
1095 3083 1150 3132 μα-

131 3127 250 3201 χόμενον
268 3132 377 3186 Ahrens
464 3144 476 3184 ι
502 3139 620 3202 Λαγωοῦ
640 3133 701 3186 οοά.
787 3143 816 3186 1ο
834 3132 852 3187 l.
868 3149 920 3186 om.
936 3139 960 3184 K
1019 3129 1151 3211 Ἆρατιίμ

132 3201 163 3256 δὲ
181 3201 253 3272 κίχρ.
274 3203 341 3274 είσβ.
361 3205 467 3258 inserta
486 3207 650 3275 argumento
671 3220 688 3256 a
708 3203 767 3273 (ubi
785 3222 809 3258 v.
829 3206 935 3273 notam)
954 3211 990 3258 K:
1009 3204 1150 3273 Ἀράτειος

131 3272 149 3341 ἡ
169 3273 278 3345 είτβολή
297 3277 362 3330 cett.
434 3286 462 3328 ιτ
482 3276 572 3330 seh.b
591 3276 675 3329 titulo
694 3275 829 3329 adhaeret
847 3276 877 3329 in
896 3274 977 3329 codd.
1030 3273 1149 3345 Ἀράτου

130 3362 181 3413 pro
201 3344 327 3414 Ὀρφέως
344 3353 364 3399 Ρ
471 3357 499 3399 15
522 3348 571 3400 καὶ
595 3350 659 3401 ante
680 3349 762 3400 Πτολ.
786 3347 921 3400 omissum
940 3348 1006 3400 ante
1024 3349 1055 3403 ἐν
1074 3349 1150 3422 ἀρχῇ

131 3417 259 3471 inserunt
276 3422 351 3471 um
423 3429 450 3470 1ss
469 3418 500 3472 έν
519 3419 584 3471 ante
603 3417 675 3490 μέσῳ
695 3434 747 3471 om.
762 3422 812 3469 ΚΠ
866 3416 959 3486 μέσοις
976 3419 1025 3472 καὶ
1043 3420 1076 3475 ίν
1093 3439 1152 3476 πυ·

131 3486 230 3553 μάτοις
248 3493 323 3540 m
