2438 3870
465 136 603 191 Praefatio
621 135 660 190 IV
969 135 1071 190 XXVII

125 307 168 366 Ut
191 325 268 365 nuuc
290 325 337 364 res
360 308 419 380 est,
443 307 507 365 solo
530 305 629 365 codice
648 304 847 382 Authologico
869 303 984 364 tradita
1002 307 1072 364 sunt

57 397 173 456 scholia
197 395 229 454 in
252 395 348 456 Ovum
371 397 402 453 et
424 395 457 453 iu
475 396 567 454 Aram
584 395 747 454 Besantino
770 393 928 469 tributam,
955 413 1020 454 cum
1039 395 1070 451 in

59 486 125 544 Alis
142 490 174 544 Κ
192 488 223 543 ct
241 489 280 560 G,
297 487 330 543 in
349 484 453 543 Securi
466 489 505 559 K,
524 485 556 542 iu
572 484 689 544 Fistula
702 488 806 543 UH
824 482 935 558 aliique
954 484 1071 560 generis

13 569 15 574 ’
57 574 239 634 scholiorum
258 575 501 642 Theocriteorum
519 573 661 633 Vaticani
684 575 775 633 testes
799 571 838 631 ad
856 572 1069 650 Antholcgiam

58 664 209 723 accedant.
246 664 338 738 atque
365 663 549 741 Anthologia
577 681 637 722 non
664 663 760 720 solum
787 662 922 737 pleniora
950 661 988 719 ad
1014 680 1069 720 nos

59 752 240 830 propagavit
252 752 325 811 haec
339 751 461 827 scholia,
476 752 527 810 sed
541 751 631 810 ctiam
646 751 730 812 libris
743 750 925 810 Theocritcis
940 750 1071 810 meliora.

58 861 126 900 cum
149 860 219 900 vero
243 841 355 900 scholia
377 843 410 899 iu
428 841 502 900 Alas
526 844 556 899 et
580 841 728 914 Securim,
752 858 828 916 quae
846 843 879 898 Κ
901 843 932 898 et
950 844 981 898 G
1000 840 1071 900 libri

61 931 228 990 Theocritei
250 929 357 1006 optimi
374 933 542 1006 praestant,
566 930 688 1005 paululo
707 929 744 989 ab
764 929 971 1007 Anthologicis
990 929 1071 987 diffc-

57 1023 141 1093 rant,
164 1020 277 1078 scholia
299 1019 331 1077 in
354 1019 502 1078 Fistulam
528 1018 689 1096 appendice
711 1019 890 1077 recensionis
909 1018 1072 1077 Vaticanae

59 1111 227 1186 propagata
245 1109 402 1184 aliquanto
420 1109 481 1167 illis
499 1110 641 1167 inferiora
660 1126 722 1167 esse
739 1108 827 1166 facilc
842 1107 938 1166 elucet
952 1100 1003 1188 (cf.
1017 1108 1071 1166 im·

59 1198 164 1274 primis
183 1197 241 1257 sch.
257 1192 301 1277 4).
336 1216 428 1272 quare
447 1217 559 1273 vereor,
577 1200 612 1256 ut
630 1197 747 1257 Fistula
766 1215 832 1255 cum
851 1197 971 1256 scholiis
991 1216 1006 1256 e
1025 1216 1072 1255 co·

59 1287 159 1344 dicum
184 1289 355 1346 nostrorum
380 1287 540 1363 archetypo
566 1287 598 1345 in
623 1285 816 1362 appendicem
842 1286 926 1343 illam
945 1286 1072 1360 venerit3

60 1376 98 1433 cf,
119 1394 195 1450 quae
214 1375 250 1434 de
268 1375 325 1433 hac
342 1393 375 1433 re
394 1377 517 1451 exposui
535 1377 608 1452 ΒΨ.
624 1376 761 1435 Zettscbr.
779 1378 833 1444 16,
851 1377 949 1444 1907,
966 1376 1038 1434 465.

129 1479 372 1556 Commentarius,
387 1501 473 1557 quem
487 1483 608 1543 scholiis
622 1482 771 1541 veteribus
785 1499 864 1540 nunc
877 1481 1038 1557 deperditis
1052 1491 1168 1533 Holoboli:

59 1587 130 1628 usus
149 1569 293 1629 Manuel
311 1569 511 1631 Holobolus
529 1572 561 1629 in
580 1571 729 1630 Dosiadae
748 1570 840 1629 Aram
860 1571 1001 1644 confecit,
1020 1570 1074 1628 du·

57 1659 132 1734 plici
146 1659 242 1718 forma
255 1663 384 1719 aetatem
399 1653 507 1742 tulit.¹)
530 1663 619 1737 atque
633 1660 826 1738 integriorem
840 1659 969 1736 quidem,
984 1678 1074 1734 quam

56 1748 154 1806 'solam
172 1749 367 1808 recudendam
387 1751 499 1825 curavi,
517 1752 672 1825 praestant
690 1750 720 1807 hi
741 1749 868 1808 codices:

83 1919 85 1923 ,
127 1877 313 1932 Vaticanus
327 1879 393 1933 434
412 1893 487 1934 saec.
502 1874 590 1950 XIV,
610 1873 663 1950 qui
680 1873 1026 1933 fol3r-4vSecu1im
1044 1877 1100 1933 etv

60 1962 154 2020 Aram
172 1965 331 2038 utramque
351 1982 417 2022 cum
437 1963 578 2022 Holoboli
595 1962 817 2022 commentariis
835 1963 975 2022 continet.

127 2090 373 2146 Ambrosianus
396 2092 507 2154 121OE
526 2093 569 2146 99
588 2090 675 2159 sup.)
704 2086 736 2144 in
762 2085 818 2144 hac
845 2085 964 2162 quidem
987 2089 1096 2162 parter

61 2192 137 2232 saec.
150 2175 230 2235 XIV.
262 2175 395 2234 continet
409 2176 460 2234 fol.
477 2177 649 2234 101-121
664 2173 805 2250 Securim,
819 2175 967 2234 Dosiadae
981 2175 1074 2235 Aram

63 2279 131 2318 oum
152 2263 364 2321 commentario
381 2263 537 2337 Holoboli,
560 2263 719 2338 Fistulam,
741 2264 905 2340 particulas
929 2265 1072 2340 quasdam

63 2349 190 2407 Alarum
210 2353 240 2408 et
258 2351 337 2410 Arae
357 2351 489 2412 alterius.

128 2456 250 2515 Praeter
268 2457 322 2517 hos
341 2457 442 2533 libros,
461 2478 536 2534 quos
554 2461 672 2536 primus
687 2461 808 2534 contuli,
826 2462 924 2519 facere
938 2479 998 2519 non
1012 2479 1063 2535 po·
1065 2454 1168 2547 ,3⁶1³ss

60 2546 108 2603 tui
110 2547 203 2621 ,quin
218 2546 378 2606 editionem
393 2549 481 2607 huius
494 2551 700 2608 commentam
708 2568 874 2626 prmcupem
884 2549 1064 2623 adhiberem,

62 2636 171 2710 quippe
191 2655 266 2712 quae
286 2639 453 2714 exemplum
472 2629 588 2714 plonius
603 2658 694 2714 quam
708 2639 782 2696 mihi
796 2639 917 2713 quidem
930 2638 1073 2715 indagare

61 2723 200 2800 contigit,
224 2727 422 2806 usurpaverit.
455 2727 486 2784 in
509 2747 543 2785 ca
563 2727 641 2784 enim
660 2727 840 2786 scholiorum
860 2726 1073 2803 Calliergiano·

60 2832 127 2870 rum
145 2813 274 2873 editione
293 2818 431 2890 repetita,
453 2835 530 2891 quac
552 2815 684 2874 Venetiis
703 2816 783 2891 apud
801 2816 968 2875 Ioannem
989 2815 1073 2874 Far·

60 2911 158 2959 reum
177 2921 255 2961 anno
272 2905 356 2962 1543
374 2904 495 2980 prodiit,
514 2905 594 2963 foliis
611 2899 649 2963 Ο1
663 2908 694 2962 et
708 2897 749 2964 0²
762 2907 951 2964 continentur
963 2903 1074 2982 Σχόλιιι

60 2988 102 3060 εἰς
125 2988 177 3050 τὸν
199 2989 301 3069 βωμὸν
324 3001 377 3052 τοῦ
403 2993 562 3071 Θεοκρίτου
587 2993 706 3053 scholiis
730 2995 767 3052 ab
785 2998 849 3051 ΥΕ
874 2992 1074 3069 suppeditatis

60 3079 148 3138 initio
174 3081 349 3156 praesertim
375 3084 416 3140 et‘
431 3085 462 3139 in
485 3082 542 3140 fiue
566 3083 727 3158 ampliora,
750 3101 826 3159 quae
845 3083 988 3141 Holoboli
1012 3101 1074 3141 esse

60 3167 80 3226 l.
95 3169 114 3227 l.
132 3188 180 3226 me
199 3169 447 3229 demonstravisse
466 3171 592 3230 confido
617 3171 777 3230 editionem
792 3171 972 3229 Farrcanam
986 3190 1062 3230 com-

59 3257 196 3332 pluribus
214 3259 288 3318 locis
303 3278 370 3318 cum
384 3280 399 3317 c
415 3259 513 3318 codice
527 3259 668 3320 Holoboli
681 3260 827 3337 vulgarit
828 3280 878 3318 um
893 3280 928 3319 ex
941 3262 1061 3336 ingenio

1083 3161 1162 3200 Editio

1073 3216 1168 3262 scopum

64 3445 508 3581 19101)3?10h30305⁰0mmmn0
527 3446 616 3500 fusius
636 3447 779 3560 disputavi
800 3448 870 3517 Bya.
887 3447 1015 3500 Zeitscbr.
1032 3451 1075 3514 19,
