2438 3870
134 128 176 193 26
501 124 615 180 Scholia
632 124 646 178 1
661 129 757 194 134
768 139 786 176 e

27 306 124 352 Κίὶλτ
201 318 228 376 g.
251 294 309 356 καί
333 293 351 354 ἀ
374 294 491 367 πίτνςι
514 293 605 354 λείπει
627 292 660 354 τό
682 297 843 369 πεφυκυῖα.
876 291 965 368 ῆόιον
990 287 1021 351 δέ
1044 290 1152 370 τὸτῆς

133 396 237 467 πίτυος
259 393 446 471 ψιθύρισμα,
471 391 542 453 ὅταν
561 391 702 475 βιπισθῆ,
724 399 760 474 τῆ
780 389 928 468 στενότητι
947 397 1007 449 τῶν
1026 389 1152 466 φόλλων

134 489 304 571 σχιζομένης
321 499 375 569 τῆς
393 497 498 566 πνοῆς.

199 609 228 666 h.
252 605 396 666 αἰπόλοι
415 602 447 664 δέ
465 605 541 664 εἰσιν
560 604 591 664 οί
606 603 639 665 έν
652 609 714 675 τοῖς
728 603 835 682 αἴπεσι,
853 601 1004 664 τουτέστιν
1018 601 1152 682 ὑψηλοῖς

133 704 182 764 καὶ
205 701 319 784 τραχέσι
341 703 456 781 τόποις,
479 702 530 775 τάς
553 695 639 783 αάμας
661 699 811 780 νέμοντες·
836 701 912 762 οὕτω
935 700 991 781 γὰρ
1016 705 1100 778 φιλεῖ
1117 700 1151 762 τό
1181 723 1193 763 ι

134 806 218 886 ζῷον.
250 800 269 881 ἀ)
289 801 338 862 διὰ
357 801 389 862 τὸ
408 800 474 881 περὶ
492 799 543 872 τὰς
562 794 647 880 αἶγας
665 803 775 860 πολεῖν.

28 922 143 974 mm
201 920 220 977 i.
244 917 345 995 τῆναι
368 915 472 977 εὐθεῖα
490 915 556 976 ἀντὶ
573 925 626 976 τοῦ
645 913 750 994 εἰιείνη.
775 915 807 975 οί
817 919 943 996 Δωριεῖς
957 914 1014 996 γὰρ
1027 914 1060 976 τὸ
1074 912 1151 974 έκεῖ-

137 1039 190 1089 νος
208 1024 296 1093 τῆνος
315 1013 441 1094 λέγουσι,
460 1013 534 1092 τῆνη
557 1013 607 1074 καλ
625 1014 700 1090 τῆνα
719 1012 873 1094 ἀναλόγως
890 1011 925 1072 τὰ
945 1012 1072 1090 θηλυκά.

27 1138 130 1187 mm?
202 1134 230 1191 k.
253 1130 353 1208 τῆναε
372 1128 438 1190 ἀντὶ
453 1139 506 1190 τοῦ
526 1128 622 1208 ἐκείνη
637 1131 791 1209 Δωρικῶς.
819 1128 851 1189 ci
863 1127 919 1210 γὰρ
935 1132 1060 1207 Δωριεῖς
1079 1125 1150 1188 ποτέ

134 1227 187 1309 μὲν
205 1229 355 1311 γράφουσι
372 1228 404 1289 τὸ
422 1225 440 1287 τ
458 1225 524 1287 ἀντὶ
541 1235 594 1287 τοῦ
612 1226 640 1306 ἀ,
659 1224 728 1288 ποτέ
747 1224 779 1287 δὲ
797 1227 829 1288 τὸ
847 1225 866 1286 λ
885 1224 950 1286 ἀντὶ
964 1235 1016 1286 τοῦ
1031 1222 1056 1284 ἱ.
1089 1233 1148 1286 νῦν
1165 1248 1193 1286 ιο

64 1339 66 1343 ’
134 1325 165 1388 δὲ
184 1328 216 1389 τὸ
234 1324 253 1386 ἶ
271 1324 337 1386 ἀντὶ
355 1334 407 1386 τοῦ
425 1324 456 1385 ἀ·
480 1323 577 1403 ἐκείνη
595 1325 651 1407 γὰρ
670 1318 709 1404 ῆν
728 1323 777 1385 καὶ
795 1318 860 1384 κατ’
880 1322 1040 1403 ἀφαίρεσιν
1059 1331 1112 1384 τοῦ
1130 1320 1150 1384 ἕ

133 1427 215 1504 κείνη
238 1423 286 1485 καλ
306 1423 379 1484 κατὰ
398 1429 521 1503 Δωριεῖς
539 1424 622 1483 ιιείνα
640 1422 690 1483 καὶ
708 1431 801 1506 τροπῆ
820 1431 873 1482 τοῦ
891 1419 910 1481 λ
928 1421 970 1494 είς
989 1419 1009 1480 τ
1026 1419 1076 1481 καὶ
1095 1430 1148 1482 τοῦ

133 1522 206 1596 {sic
225 1547 244 1600 η
262 1521 338 1599 τῆνα
356 1521 536 1599 όπειιθλίψει
554 1531 607 1582 τοῦ
625 1520 652 1581 i.

108 1678 123 1720 κ
202 1653 281 1737 [λετ]
300 1657 393 1716 ποτίι
412 1655 555 1735 πρόθεσις
569 1654 689 1735 Δωρικῆ
705 1653 782 1714 ἔστιν
797 1652 862 1715 ἀντὶ
876 1663 928 1733 τῆς
942 1653 1023 1734 πρός.
1058 1650 1076 1731 ἡ
1092 1653 1149 1734 γὰρ

133 1750 208 1836 πρὸς
226 1753 385 1833 ἀποβάλλει
403 1749 434 1813 τὸ
453 1750 472 1832 ρ
490 1758 614 1836 Δωρικῷ
629 1753 693 1814 έθει
711 1750 760 1812 καὶ
779 1749 876 1831 τρέπει
894 1747 926 1812 τὸ
947 1750 965 1812 σ
983 1751 1024 1824 εἰς
1041 1749 1075 1830 ἱ,
1099 1750 1149 1812 παλ
1165 1779 1191 1820 15

133 1856 307 1935 πλεονασμῷ
331 1861 383 1911 τοῦ
401 1849 418 1910 ἶ
440 1850 518 1910 ποτί·
543 1850 617 1911 διότι
641 1850 676 1911 οὐ
696 1851 819 1910 όόναται
838 1848 913 1922 λέξις
928 1845 1086 1928 Ἑλληνικὴ
1107 1849 1150 1922 εἰς

134 1945 258 2027 ἀφωνον
276 1949 460 2030 ιιαταλῆγειν,
478 1948 697 2027 προσλαμβάνει
714 1943 747 2008 τό
768 1946 795 2007 i.

204 2156 328 2225 4Epim.
347 2156 427 2210 Hom.
447 2154 548 2225 (Crem.
569 2155 621 2208 An.
642 2153 691 2208 Ox.
711 2153 786 2220 120,
802 2156 844 2222 19)
898 2153 976 2208 Eust.
997 2159 1063 2221 472,
1078 2159 1112 2208 25

133 2226 176 2280 Et.
196 2226 233 2280 M.
249 2233 295 2293 37,
311 2233 345 2280 44
417 2226 461 2280 Et.
481 2226 552 2280 Gud.
568 2231 646 2291 ⁵24
665 2225 707 2279 De
726 2224 835 2278 Stefeni
906 2225 950 2279 Et.
972 2223 1017 2280 Or.
1032 2231 1062 2291 5,
1077 2230 1111 2279 22

135 2308 146 2350 t
171 2298 278 2350 Ahrens
297 2299 341 2352 De
363 2315 449 2366 praec.
473 2300 584 2368 λίηςιιοτ
607 2297 675 2351 diat.
698 2297 807 2352 [1267
828 2301 889 2351 τι.4
1003 2307 1032 2349 14
1050 2296 1094 2350 Et.
1109 2295 1147 2354 M.

135 2374 199 2435 685,
219 2373 265 2422 24:
288 2368 320 2421 τὸ
344 2369 375 2422 δέ
398 2369 463 2422 ποτλ
487 2368 537 2436 τῆν
560 2367 631 2434 πρὸς
653 2365 791 2435 πρόθεσιν
815 2366 944 2436 σημαίνει
964 2372 1109 2436 Δωρικῶς·
1129 2367 1148 2437 ἡ

133 2438 186 2508 γὰρ
212 2439 281 2507 πρὸς
306 2436 369 2492 κατ’
397 2437 544 2493 έπέιιτασιν
567 2436 674 2506 γίνεται
698 2439 782 2504 προσλ
806 2440 842 2500 ὡς
866 2439 895 2493 ἐν
918 2437 961 2494 ένί
979 2436 1147 2508 (ἀναλόγωςΙ

133 2509 286 2578 παρέπεται
309 2508 362 2578 ηάρ
386 2519 448 2571 ταῖς
469 2506 622 2576 προθέσεσι
640 2505 671 2564 τό
696 2509 773 2579 μέχρι
794 2517 843 2578 τῆς
864 2509 1043 2581 δισνλλαβίοις
1060 2509 1148 2575 αόξοί·

134 2583 245 2651 νεσθαι)
264 2581 312 2635 uni
330 2589 419 2651 τροπῆ
434 2589 548 2703 Δωρικη
566 2589 615 2634 τοῦ
636 2586 651 2632 σ
670 2581 710 2642 τίς
728 2585 746 2632 τ
761 2581 810 2633 καὶ
828 2581 953 2652 ἀποβολῇ
973 2590 1023 2636 τοῦ
1042 2579 1148 2648 ρποτί,

135 2650 225 2720 ὥσπερ
245 2652 288 2706 σολ
306 2650 350 2705 τοί
368 2652 425 2720 (σὸς
442 2648 489 2714 τός
506 2651 528 2704 li

549 2651 582 2718 ri,
601 2667 670 2706 con.
686 2651 780 2717 Lentn
799 2651 948 2706 Herodian.
963 2652 989 2705 H
1004 2657 1065 2719 378,
1075 2655 1111 2722 9).

134 2722 178 2777 Et.
193 2723 230 2777 M.
246 2727 306 2789 ειν,
322 2729 345 2776 1.

205 2946 219 2986 ο
236 2943 327 3003 πνοῆς
345 2941 379 2987 K:
399 2942 495 3003 φωνῆς
514 2936 580 2987 cett.
667 2945 680 2986 5
699 2937 764 3004 poet
782 2933 879 2998 τόποις
897 2936 962 2991 edd.
977 2943 997 2990 '1¹
1016 2935 1150 3008 μένοντος

134 3005 183 3060 κοιλ
200 3013 249 3059 τοῦ
269 3011 287 3058 ἶ
303 3003 574 3074 προσγεγραμμένον,
593 3021 666 3072 quae
681 3021 696 3059 e
710 3006 816 3060 scholio
832 3012 864 3060 12
875 3024 891 3061 e
904 3007 960 3060 huc
975 3007 1149 3063 aberravisse

133 3077 203 3130 mihi
221 3075 360 3144 videntur,
380 3093 443 3129 cum
462 3075 571 3145 Zieglcr
585 3077 681 3131 Jahrb.
695 3077 716 3143 f.
731 3079 809 3132 class.
825 3080 897 3133 Phil.
914 3083 1149 3147 125,1882,827

133 3147 285 3202 infeliciter
308 3163 341 3200 ee
363 3146 505 3202 rettulerit
528 3147 565 3200 ad
587 3147 847 3216 interpretationem
865 3149 941 3204 vocis
960 3151 1031 3219 τήνω
1050 3167 1068 3204 e
1087 3151 1148 3206 cod.

134 3220 193 3273 Per.
210 3224 278 3272 2802
301 3217 440 3287 pessimae
463 3221 547 3272 notes
569 3217 711 3286 prolatam
728 3220 846 3286 (Ahrens
865 3227 913 3285 33,
928 3225 1038 3291 8-10),
1063 3238 1150 3292 quem

134 3290 232 3344 eedem
251 3289 373 3343 mixture
391 3292 419 3343 et
433 3289 524 3358 ipsam
537 3289 666 3343 laborare
680 3294 800 3358 apparet
872 3303 886 3343 ο
905 3290 922 3360 ἢ
939 3292 987 3347 διὰ
1002 3310 1079 3362 seqq.
1095 3310 1149 3347 om.

134 3366 208 3414 ΕΔΤ
281 3370 293 3412 ι
313 3367 336 3412 K
354 3376 409 3413 non
428 3359 515 3413 hebet
533 3359 588 3413 nisi
607 3357 712 3428 ἐκείνη·
737 3361 764 3415 οἱ
778 3368 897 3430 Δωριεῖς
914 3360 945 3418 τὸ
960 3374 1053 3427 κεῖνος
1065 3372 1150 3434 τῆνος

134 3432 241 3501 λέγουσι
292 3433 397 3493 ἐκεῖνος
411 3439 494 3501 τῆνος
507 3438 535 3498 Τ,
555 3430 589 3484 cf.
604 3438 640 3485 K:
658 3439 742 3500 τῆνος
756 3432 861 3494 ἐκεῖνος
874 3435 972 3501 (ΜΔ
1046 3446 1060 3489 8
1079 3435 1149 3505 τῆνη

134 3504 181 3557 καλ
201 3503 312 3572 scripsi:
332 3501 432 3572 τηνίκα
451 3508 551 3556 GRH
630 3512 658 3554 18
678 3500 808 3573 ἐκθλίψει
826 3510 870 3557 ΡΤ
