2438 3870
150 121 214 190 132
513 125 625 181 Scholia
643 125 681 179 111
694 129 798 196 εηειι

146 294 270 354 αἰώνιον
283 293 443 354 καθεύδων
457 293 562 353 ύπνον.
596 292 670 370 φασί
683 292 749 374 γάρ,
764 290 804 363 ὡς
821 285 1026 370 Ἐνδυμίωνος
1039 289 1170 373 ἠράσθη

146 389 165 470 ή
185 391 305 469 Σελήνη
328 389 401 450 κατὰ
422 391 454 452 τὸ
473 391 609 468 Λάτμιον
628 389 697 470 όρος
715 400 768 469 τῆς
787 390 902 470 Καρίας
919 400 1168 470 κυνηγετοῦντος.

146 490 348 569 φιλοκύνηγος
367 487 399 548 δὲ
419 486 461 548 ὢν
480 485 590 569 ἡμέρας
606 489 749 569 ύπνωττε,
767 487 840 549 κατὰ
854 487 906 560 τὰς
920 489 1029 561 νύκτας
1044 485 1076 548 δὲ
1090 493 1167 568 λαμ·

144 588 260 665 πούσης
282 597 335 666 τής
358 585 494 665 Σελήνης
516 586 641 666 ἐθήρευε
665 585 714 648 διὰ
738 587 770 649 τὸ
793 586 828 648 τά
850 587 944 667 θηρία
963 585 1036 646 κατὰ
1055 596 1166 649 τοῦτον

214 702 1166 795 1εολι.ΑῙι.ο]1ΕλιοδΝὸῖιΛατμοςόροςΚαρίαςἔνθα

145 775 273 831 ἐστιν”
255 797 392 844 αντρον,
415 768 483 832 ἐν
465 797 486 848 ῳ
491 775 643 867 διέτριβεν
657 773 831 844 ’,Ενδυμίωυ
851 776 907 830 ἐστι
926 775 957 830 δε
976 777 1025 829 καί
1043 775 1164 866 τμόλιςὴ

93 861 97 868 ·
143 850 274 938 λεχθεῖσα
284 845 443 914 Ηράκλεια.
470 847 520 902 τδν
535 847 566 902 δὲ
578 845 758 916 Ἐνδυμίωνα
768 817 939 910 Ησίοδος
911 867 969 937 μεν
970 843 1097 901 Αεθλιου
1111 858 1164 903 τοῦ

143 918 214 981 Διὸς
232 920 281 973 καὶ
300 919 443 989 Καλύκης
462 918 540 987 παρὰ
559 919 628 982 Διὸς
647 917 795 1006 εἰληφότα
799 918 830 973 τὸ
850 916 974 986 δῶρον
962 939 990 972 ιν
1007 918 1163 986 (δολιοοέθι,

143 991 174 1044 ἐν
197 991 267 1060 cod)
291 992 366 1062 αύτῷ
384 988 489 1080 ταμίαν
513 985 586 1045 εἰναι
609 990 753 1058 θανάτου,
781 987 872 1045 οτεθ
849 988 930 1045 θέλοι
953 988 1163 1045 ὀλέσθαι·καί

143 1059 318 1129 Πείσανδρος
336 1063 384 1116 καί
401 1059 577 1124 Ἀκουσίλαος
595 1063 644 1116 καλ
665 1061 823 1131 Φερεκύδης
840 1062 890 1115 καλ
908 1058 1112 1128 Νίκανδρος
1130 1063 1164 1117 ἐν

142 1132 261 1201 δευτέρω
284 1133 447 1188 Αἰτωλικῶν
469 1135 546 1203 (fgm.
565 1133 794 1202 6Schneiderp.
811 1135 855 1202 25)
879 1133 928 1185 καί
953 1129 1160 1222 Θεόπομπμς
1146 1154 1163 1188 ο

142 1155 275 1266 ἐποποιός
300 1204 453 1273 (Meineke‚
480 1207 511 1260 ἐν
534 1205 679 1266 ἐποποιοῖς
702 1205 782 1272 cod..)
820 1206 851 1258 ἐν
874 1202 906 1257 δὲ
928 1212 990 1266 ταῖς
1015 1201 1165 1271 Μεγάλαις

138 1272 248 1338 Ἠοίαις
270 1274 426 1344 λέγεται
399 1297 450 1331 τον
471 1273 649 1365 Ἐνδυμίωνα
672 1276 862 1346 ἀνενεχθῆναι
885 1273 940 1329 ύπὸ
961 1282 1011 1328 του
1030 1272 1101 1336 Διὸς
1120 1276 1164 1338 εἰς

142 1344 277 1414 οὐρανόν·
294 1346 450 1414 ἐρασθέντα
464 1347 496 1402 δὲ
508 1344 600 1414 Ηρας
613 1348 718 1419 εἰδώλῳ
731 1350 979 1437 παραλογισθῆναι
993 1345 1054 1416 [τὸν
1069 1345 1163 1413 ἔρωτα

141 1417 194 1470 δελ.
209 1417 283 1487 Keil]
304 1416 420 1488 νεφέλης
438 1420 486 1472 καί
505 1418 679 1489 ἐκβληθέντα
698 1422 845 1472 κατελθεῖν
862 1418 902 1479 εἰς
913 1415 1018 1471 Αιδου.
1046 1418 1112 1485 περί
1126 1419 1161 1473 δὲ

139 1497 190 1542 του
213 1497 262 1559 της
279 1490 413 1579 Σελήνης
428 1490 556 1557 ἔρωτος
548 1499 688 1552 ιστοροῦσι
706 1491 818 1556 Σαπφὼ
838 1490 888 1542 καλ
906 1486 1109 1555 Νίκανδρος
1128 1491 1162 1544 ἐν

140 1557 258 1632 δευτέρῳ
283 1558 448 1628 Εύρωπείας
470 1563 620 1630 (Εὐρώπης
642 1561 702 1615 cod
705 1562 800 1629 fgm
821 1567 855 1614 24
879 1560 1032 1615 Schneider
1054 1577 1082 1628 p.
1104 1564 1161 1630 35)

134 1614 248 1720 λέγεται
271 1633 301 1686 δέ
325 1631 510 1721 κατέρχεσθαι
533 1633 574 1695 εἰς
595 1642 677 1687 τοῦτο
696 1632 727 1687 τὸ
747 1632 850 1699 άντρον
868 1632 920 1701 τήν
939 1631 1067 1700 Σελήνην
1085 1631 1162 1700 πρὸς

134 1698 323 1772 Ἐνδυμίωνα
350 1701 582 1773 Επιμενίδης
552 1705 582 1758 δ
598 1703 685 1759 αὐτὸν
703 1701 795 1771 παρδι
812 1707 912 1766 θεοῖς
930 1701 1162 1773 διατρίβοντα

140 1772 332 1842 ἐρασθῆναί
360 1792 429 1845 φησι
453 1784 502 1846 τῆς
522 1774 636 1843 Ηρας,
665 1773 762 1843 διόπερ
789 1774 873 1838 Διὸς
897 1775 1160 1900 χαλὲεπήναντος

139 1844 311 1913 ἰοιτήσασθαι
339 1846 539 1910 διαπαντὸς
564 1847 762 1902 καθεύδειν.
800 1843 968 1916 Ἴβυκοςδέ
937 1847 1027 1900 δέν
1054 1846 1159 1920 πρώτῳ

133 1911 253 1980 Ἤλιδος
272 1915 359 1972 αὐτὸν
373 1917 537 2008 βασιλευσαί
547 1935 623 1988 φησι
655 1919 729 1980 τινές
743 1919 773 1973 δὲ
789 1917 837 1972 διὰ
851 1918 955 1987 πολλὴν
970 1901 1160 1986 δικαιοσύνην

138 1987 348 2078 ἀποθεωθῆναί
366 2006 453 2058 φασιν
472 1989 559 2046 αἰτόν
578 1990 627 2044 καί
646 1989 820 2057 αἰτήσασθαι
836 1988 914 2056 παρὰ
928 1988 997 2050 Διὸς
1015 1989 1060 2042 ἀεί
1079 1992 1160 2043 καθ-

138 2059 238 2114 εύδειν
272 2061 342 2127 φασλ
361 2060 392 2114 δε
411 2061 498 2116 αἰτόν
516 2062 544 2116 οἰ
562 2063 612 2130 μὲν
628 2061 819 2130 Σπαρτιάτην,
839 2059 866 2114 οἰ
885 2060 916 2115 δὲ
932 2057 1051 2114 Ἠλεῖον.
1084 2059 1159 2115 ἔνιοι

138 2130 168 2184 δέ
193 2130 386 2221 άναιρουσι
359 2152 410 2187 τον
428 2133 475 2188 ἐπλ
488 2138 530 2222 τῷ
541 2130 769 2225 Ἐνδυμίωνος“
753 2151 832 2221 υπνῳ
851 2135 954 2200 μυθον.
988 2130 1158 2200 φιλοκύν-

137 2222 220 2291 ηγρν
243 2202 297 2327 γὰρ
321 2202 409 2258 αυτὸν
431 2202 587 2295 γεγόμενον
605 2205 735 2272 νύκτωρ
759 2202 829 2269 πρὸς
849 2212 882 2275 τῇ
903 2202 1000 2272 σελήνη
1019 2212 1158 2291 κυμηγεῑν

137 2272 195 2327 διδι
219 2272 255 2328 τὸ
284 2274 351 2339 έέξι
356 2295 413 2362 μαι
437 2274 477 2328 τὰ
503 2273 611 2344 θηρία
634 2274 720 2330 κατὰ
742 2284 865 2329 τοῦτον
888 2273 947 2329 τὸν
966 2271 1089 2340 καιρὸν
1107 2274 1159 2330 ἐπί

136 2343 186 2405 τὰς
209 2344 309 2412 νομάς
332 2344 383 2406 τὰς
406 2345 437 2400 δε
454 2298 569 2415 ἡμέραςρ
578 2349 608 2401 ἐν
627 2346 751 2417 σπηλαίῳ
771 2346 858 2400 αὐτὸν
877 2345 1093 2412 ἀναπαύεσθαι,
1117 2344 1159 2411 ὥς

135 2434 216 2477 τινας
238 2415 351 2469 οἰεσθαι
373 2416 493 2471 πάντοτε
517 2418 604 2473 αὐτὸν
623 2422 791 2508 κοιμᾶσθαι.
824 2418 850 2472 οἱ
872 2416 904 2472 δὲ
923 2419 1158 2486 ἀλληγοροῦσι

135 2485 185 2539 τὸν
210 2490 304 2553 μυθον
330 2486 494 2555 λέγοντες
479 2509 522 2550 ως
545 2489 601 2556 άρα
623 2487 783 2557 Ἐνδυμίων
806 2497 916 2556 πρῶτος
938 2485 1096 2576 ἐπεχείρησε
1118 2499 1156 2578 τη

135 2557 199 2624 περὶ
217 2556 253 2610 τὰ
269 2555 392 2626 μετέωρα
406 2558 567 2634 φιλοσοφία,
586 2570 741 2631 παρασχεῖν
755 2559 786 2614 δε
801 2561 875 2633 αὐτῷ
890 2559 941 2622 τδις
955 2557 1130 2628 ἀφορμὰς
1100 2578 1156 2629 την

135 2627 253 2696 σελήνην
273 2628 302 2682 ἐν
320 2648 349 2683 τε
369 2640 520 2720 φωτισμοῖς
537 2616 587 2684 καλ
605 2632 741 2699 κινήσεσι,
763 2629 802 2686 δι’
825 2615 908 2686 ὃκαί
926 2631 1033 2718 νύκτωρ
1053 2631 1156 2701 σχολά-

134 2698 244 2762 ζοντα
241 2699 351 2762 τούτοις
375 2699 454 2755 ύπνω
480 2701 516 2770 μὴ
542 2707 678 2772 χρῆσθαι,
704 2707 861 2771 κοιμᾶσθαι
886 2704 916 2756 δὲ
943 2699 1008 2770 μεθ’
1034 2700 1154 2771 ἡμέραν.

134 2771 208 2833 τινὲς
229 2769 260 2825 δὲ
277 2775 315 2844 τῷ
333 2770 393 2826 ὄντι
413 2758 553 2869 φίλυπνόγ
570 2794 635 2829 τινα
637 2773 844 2863 γεγονέναι
817 2795 866 2829 τον
883 2771 1070 2842 Ἐνδυμίωνα,
1094 2773 1150 2843 ἀφ’

135 2838 168 2895 οὗ
187 2843 236 2895 καλ
254 2825 421 2911 παροιμία“
424 2841 651 2912 Ἐνδυμίωνος
634 2847 733 2908 υπνος’
754 2846 800 2899 ἐπὶ
813 2855 869 2900 τῶν
883 2847 954 2900 πολὺ
968 2843 1154 2934 κοιμωμένων

135 2911 152 2980 ή
176 2913 281 2981 ἀμελῶς
301 2934 328 2966 τι
347 2913 539 2983 πραττόντων,
563 2917 600 2978 ὡς
619 2920 714 2972 δοκεῖν
732 2919 897 2985 κοιμᾶσθαι
930 2918 979 2970 καί
999 2913 1155 3006 Θεόκριτος

135 2982 282 3052 μέμνηται·
304 2986 434 3049 ζαλωτὸς
452 3007 502 3056 μεν
522 2987 571 3055 ἐην
591 2986 650 3042 δ
623 3008 673 3042 τον
692 2988 816 3055 άτροπον
834 2987 925 3042 ύπνον
944 2987 1032 3041 ἰαύων
1046 2984 1154 3042 Ἐνδυ-

134 3052 226 3122 μίων.
282 3056 317 3109 de
336 3056 487 3129 allegorica
500 3057 614 3112 fabulae
628 3059 783 3128 interpreta
767 3060 873 3112 atione:
894 3058 984 3112 Germ.
998 3058 1055 3112 sch.
1071 3059 1152 3114 Ant.

134 3125 237 3179 Phaon
253 3145 280 3196 p
292 3133 341 3182 201
354 3128 471 3198 Breys1g
520 3129 591 3184 Plin
601 3129 822 3186 Hist.nat.1143
872 3130 961 3199 Myth.
972 3129 1113 3184 vat1229

134 3195 213 3265 Fulg.
230 3197 319 3266 Myth
334 3200 407 3253 1116

204 3307 218 3348 2
237 3296 455 3365 κατὰ-Καρίας
478 3309 697 3369 κυνηγετοῦντος
715 3308 750 3354 K:
774 3295 810 3369 ήν
829 3295 910 3355 δέ
879 3319 961 3362 ουτος
978 3297 1153 3356 κατὰ-Κα·

133 3365 196 3455 ρίας
214 3369 279 3421 cett
352 3371 730 3461 εφιλοκύνηγος-ἐξιέναι
748 3375 780 3425 ut
799 3388 880 3440 supra
899 3378 935 3424 K·
960 3369 1154 3441 φιλοκύνηγος

133 3435 173 3492 ὢν
191 3439 286 3493 καί
257 3460 308 3502 τας
326 3440 429 3503 νύκτας
446 3443 609 3512 λαμπούσης
625 3449 675 3511 τῆς
689 3447 751 3498 Σελ.
770 3442 844 3515 ἐξῄει
860 3441 931 3510 πρὸς
949 3441 1044 3510 θήρας
1062 3444 1152 3499 διὰ-

131 3509 246 3574 ἐξιέναι·
266 3520 299 3583 τη
319 3510 351 3566 δὲ
369 3512 458 3587 ήμέρα
477 3513 615 3569 ἐκάθευδε
635 3516 700 3570 cett.
