2438 3870
518 111 630 166 Scholia
648 112 690 165 XI
701 112 773 165 a—d

501 384 561 457 XI.
594 324 797 473 Κύκλωψ
935 325 937 328 '

37 591 132 638 ww
326 575 394 662 [Ἐκ
411 582 558 662 παιγνίων
577 581 707 661 λάμβανε
725 582 917 643 διδασκαλίαν

326 675 414 760 λόγον
433 679 590 760 στοριστην
607 680 761 760 τυγχάνειν
779 678 988 759 παθημάτων]

38 839 134 884 lum
211 851 237 891 a.
262 823 429 892 ‘Tndnecwc
456 832 642 910 Πολύφημος
670 828 686 890 6
714 831 849 907 Κύκλωψ
877 829 953 910 ἐρῶν
980 839 1033 908 τῆς
1060 834 1089 889 Γ
1086 835 1157 890 αλα-

144 928 221 1001 τείας
244 926 293 988 καὶ
315 937 493 1009 παρηγορῶν
516 927 567 988 τὸν
589 925 638 988 ἐπὶ
662 939 698 1013 τῇ
721 929 864 1013 Γαλατείη
887 928 978 1010 ἔρωτα
1002 921 1041 988 δι’
1069 921 1157 1011 ᾠδῆς.
1186 948 1197 988 ε

74 999 131 1096 {6¹1⁸
144 1027 172 1086 b.
199 1023 496 1107 nccc6ccllyewc66
524 1024 540 1086 6
566 1025 721 1106 Θεόκριτος
749 1027 842 1110 Νικίᾳ
865 1024 922 1086 τινί
946 1026 1035 1112 ἰατρῷ
1057 1029 1158 1104 Μιλη-

147 1123 201 1184 σίω
228 1123 382 1204 τὸγένος,
410 1117 447 1184 οὗ
469 1122 520 1184 καὶ
544 1124 722 1202 ποιημάτιον
747 1122 865 1201 φέρεται
891 1121 1158 1206 ἀντιγεγραμμένον

53 1194 134 1291 ΑἯξ
148 1241 171 1282 ο.
182 1186 283 1301 lene]
303 1220 557 1303 πρὸςΘεοκρίτον
576 1222 738 1298 Κύκλωπα,
757 1214 793 1282 ού
812 1218 831 1300 ἡ
851 1219 938 1302 ἀργή·

258 1346 309 1433 ’ἦν
327 1349 374 1438 ἀρ’
396 1353 507 1432 ἀληθὲς
525 1365 621 1427 τοῦτο,
642 1356 790 1434 Θεόκριτε·
815 1356 847 1416 οἱ
862 1356 917 1438 γὰρ
932 1352 1056 1435 Ἔρωτες

257 1452 382 1532 ποιητάς
400 1453 527 1526 πολλοὺς
545 1452 683 1526 ἐδίδαξαν
701 1453 733 1514 τὸ
752 1453 822 1533 πρὶν
841 1448 1012 1531 ἀμούσους.’
1105 1528 1107 1533 ,
1174 1473 1200 1512 ιο

147 1595 256 1677 ἔγραψε
275 1594 375 1658 δὲκαὶ
394 1595 595 1676 ἐπιγράμματα
614 1592 631 1655 6
649 1595 746 1669 αὐτός.
778 1594 879 1676 γέγονε
903 1593 934 1656 δὲ
955 1595 1160 1675 σομφοιτητὴς

144 1689 371 1773 Ἐρασιστράτου
392 1703 444 1755 τοῦ
460 1686 636 1772 Ἰουλιητον,
660 1693 700 1765 ὥς
718 1711 793 1771 φησι
812 1693 972 1767 Διονύσιος
990 1691 1006 1754 6
1022 1686 1161 1770 Ἐφέσιος

147 1790 179 1852 ίν
197 1800 232 1874 τῇ
252 1801 311 1852 τῶν
330 1791 437 1872 ἰατρῶν
455 1789 623 1874 ἀναγραφῇ.

82 1920 139 1965 w
215 1909 241 1966 d.
265 1904 418 1966 ύπόκειται
441 1903 456 1966 6
479 1907 616 1983 Κύκλωψ
639 1916 817 1988 παρηγορῶν
844 1905 951 1967 ἑαυτοῦ
978 1906 1029 1968 τὸν
1054 1906 1100 1968 ἐπὶ
1124 1917 1159 1993 τῇ

147 2005 289 2088 Γαλατείη
317 2003 409 2086 ἕρωτα
436 1998 476 2064 δι’
502 1998 589 2088 ᾠδῆς.
630 2003 868 2085 προσδιαλέγεται
898 2002 929 2065 δὲ
957 1994 973 2065 6
1004 2005 1160 2082 Θεόκριτος
1176 2025 1199 2066 ιε

217 2195 232 2236 κ
252 2183 324 2237 Plul.
341 2183 452 2248 Quacet.
467 2202 543 2238 conv.
559 2186 609 2251 15,
626 2192 650 2251 1,
669 2190 744 2238 6220

219 2353 287 2406 Til:
308 2358 341 2406 K.
362 2370 418 2422 arg.
435 2370 457 2418 ο,
477 2353 538 2406 XIII
553 2370 582 2407 a:
606 2360 636 2407 K.
655 2356 704 2408 καὶ
724 2354 863 2408 Γαλάτεια
881 2358 1019 2408 nun:
1038 2358 1071 2408 Κ.
1093 2351 1158 2422 ἢΓ.

149 2431 205 2476 GP:
226 2441 280 2477 om.
294 2429 317 2475 A
388 2435 403 2476 4
423 2428 490 2478 Πολ.
506 2425 520 2477 6
535 2426 618 2479 Κύκλ.
635 2425 821 2480 Valckenaer:
841 2424 856 2479 6
871 2428 939 2479 Πολ.
951 2425 1158 2479 Malum:

148 2495 297 2548 ὁΚύκλ.’1
352 2495 435 2548 verba
454 2497 609 2561 ἐρῶν-καὶ
628 2496 681 2549 eici
700 2497 760 2550 vult
778 2497 887 2550 Ahrene
959 2506 973 2549 8
991 2505 1160 2566 παρηγορῶν

147 2567 241 2633 recepi
269 2566 406 2620 Ahrensi0
435 2571 547 2620 auctore
576 2585 608 2620 ex
636 2583 694 2637 erg.
714 2569 744 2621 d:
773 2577 864 2623 ποιῶν
889 2567 974 2621 codd:
1003 2565 1161 2638 ποιμαίνων

147 2636 277 2690 Meineke
349 2638 413 2691 ccl
433 2637 447 2690 6
467 2655 520 2692 om.
536 2645 559 2689 Κ
631 2649 642 2689 1
662 2639 693 2692 τὸ
713 2638 792 2707 γένος
811 2634 843 2693 ού
863 2641 910 2692 καί
930 2657 983 2693 om.
1000 2643 1125 2692 num

149 2707 256 2776 ποίημά
269 2728 296 2761 τι
309 2715 333 2760 Κ
378 2709 669 2778 φέρεται-Κύκλωπα
683 2727 737 2763 om.
747 2718 770 2763 Κ
833 2720 847 2762 8
866 2709 921 2763 ὑπὸ
938 2713 970 2764 Θ.
986 2707 1056 2777 πρὸς
1069 2711 1160 2768 codd..

149 2797 216 2833 corr.
228 2779 356 2833 Meineke
410 2791 425 2832 e
440 2781 492 2848 γὰρ
507 2783 570 2848 poet
585 2774 621 2848 ἦν
635 2781 699 2834 edd.
715 2798 809 2835 omnes
824 2783 936 2849 praeter
950 2789 974 2834 x
1012 2779 1162 2850 Θεόκριτος

148 2852 201 2904 Ad.
214 2850 265 2904 Th.
280 2854 355 2906 Arm.
368 2851 509 2905 Fritzeche
524 2853 568 2907 De
577 2859 648 2920 poet.
659 2869 698 2922 ην.
710 2854 779 2918 buc,
793 2854 869 2907 Dies.
876 2853 946 2921 phil.
960 2852 1031 2908 θένε.
1043 2857 1125 2921 1844,
1134 2858 1161 2919 4,

148 2924 196 2976 καί
215 2939 264 2992 pro
284 2923 312 2978 οἱ
331 2923 449 2991 Bentley
471 2924 567 2991 Opusc.
578 2923 648 2992 phil.
664 2927 719 2977 470
810 2934 838 2975 1⁰
856 2923 975 2985 πολλοὺς
992 2923 1112 2994 ποιητὰς
1129 2932 1161 2991 Κ,

148 2995 264 3048 πολλάκι
283 2994 401 3064 ποιητὰς
416 2993 482 3047 Call.
536 2992 568 3048 τὸ
587 2993 702 3062 Dillhey
717 2995 793 3050 Ocni.
808 2995 867 3050 crit.
882 2997 914 3049 ότι
928 2997 1012 3050 Αιιίίι.
1026 3013 1076 3066 μοι,
1095 2996 1160 3050 Ind.

148 3067 227 3119 schol.
245 3065 316 3120 Gott.
333 3070 521 3136 1891γ92,14;
541 3066 607 3127 τούς
625 3067 704 3119 codd.
813 3066 964 3136 114ίγραψε
983 3073 1019 3120 K:
1038 3066 1161 3138 γέγραφε

151 3139 232 3189 cells
289 3138 336 3189 καί
358 3154 410 3190 om.
425 3144 448 3188 Κ
520 3136 715 3205 ἐπιγράμματα
733 3143 795 3191 KB:
818 3136 1040 3206 ἐπιγραμμάτιον
1058 3141 1124 3192 cett.

149 3205 164 3261 6
183 3205 267 3268 αὐτός
285 3208 438 3261 Buecheler
457 3209 555 3262 Κλούιε.
572 3210 647 3262 Mus.
663 3210 700 3262 N.
713 3209 749 3262 F.
764 3213 808 3275 39,
823 3213 906 3275 1884,
919 3212 989 3262 275:
1009 3209 1110 3264 ἑαυτοῦ
1124 3217 1160 3263 K:

148 3277 191 3332 ἐπ’
215 3280 301 3334 αὐτοῦ
321 3279 427 3332 Gercke
445 3281 481 3333 ib.
496 3283 545 3344 42,
560 3283 649 3345 1887,
663 3284 729 3333 602:
755 3296 806 3333 om.
827 3282 892 3334 cett.
911 3296 969 3332 une
988 3297 1051 3333 cum
1069 3280 1161 3334 verbis

148 3348 203 3418 γὲγ.
224 3351 254 3404 δὲ
274 3368 357 3419 σομφ.
448 3361 475 3402 18
494 3359 543 3405 τοῦ
562 3349 713 3419 Ἰονλιήτοο
732 3350 896 3405 Buecheler:
920 3359 969 3404 τοῦ
989 3360 1106 3421 ποιητοῦ
1125 3359 1161 3406 K:

149 3422 246 3487 ἰατροῦ
266 3422 406 3489 Μιλησίου
425 3424 490 3474 cett.
563 3419 579 3489 ἢ
604 3423 668 3474 aule
688 3420 724 3483 ῶς
743 3423 807 3476 edd.
823 3429 846 3474 Κ
919 3421 933 3474 6
952 3419 1014 3490 Ἐφ.
1034 3438 1087 3478 om.
1102 3429 1126 3475 Κ

149 3502 178 3543 18
197 3496 290 3561 ἀγρῶν
309 3500 332 3544 Κ
386 3493 537 3561 ἀναγραφῇ
557 3499 591 3544 K:
612 3492 759 3564 ἀνατροφῇ
779 3495 843 3546 cell.
