2438 3870
424 110 536 164 Scholia
555 112 605 166 VII
621 118 732 166 ὅτε-ο
1044 111 1087 175 93

66 277 158 366 (Περὶ
181 277 263 364 ζήλων
282 281 353 358 fgm.
374 282 414 338 23
432 281 604 339 Wellmann
623 284 724 342 Herm.
743 284 797 351 26,
818 283 913 348 1891,
934 273 1023 360 552),
1043 278 1087 339 ὅτι

65 381 142 458 αὕτη
161 385 242 439 θεῶν
258 375 371 458 λέλογχε
385 374 413 456 <.
425 424 431 436 .
444 373 471 455 .>
488 379 657 459 Νηρηΐδων
672 376 700 458 <
713 427 718 437 .
730 376 758 458 .>
768 375 958 455 Λευκοθέαν,
973 377 1087 436 Παλαί-

65 496 154 557 μονα,
169 469 357 558 Ἀφροδίτην.

128 576 161 652 b.
180 571 321 645 ἀλκυόνες
341 565 396 634 οὖν
414 573 589 651 ἐκλήθησαν
608 573 689 655 παρὰ
706 574 738 635 τὸ
758 573 789 635 ἕν
809 573 857 634 ἀλλ
875 573 967 637 κύειν,
992 565 1087 632 ’Amt-

37 672 155 755 ογονός
174 665 230 754 (23
246 672 347 731 Keller
361 674 473 731 Rerum
488 678 548 732 καλ.
561 676 658 746 script.
669 693 689 748 ρ
699 692 714 732 ·.
724 675 794 731 min.
805 675 829 730 I
839 665 874 752 8)
894 689 998 750 φησιν,
1018 670 1087 731 ὅταν

66 770 237 853 γηρολσωσιν
247 770 281 829 αἱ
288 767 440 846 ἀλκυόνες,
451 771 598 849 κηρόλους
608 774 772 830 καλεῖσθαι.
789 765 986 849 Ἀριστοτέλης
996 763 1087 852 (Ηὶελ.

67 869 201 935 an.VHI
221 871 248 944 3,
265 869 358 927 593b
372 861 427 948 14)
454 865 485 928 ἀὲ
509 864 650 952 ἀιήρησεν
669 865 799 928 ἀλκυόνα
821 866 871 927 καὶ
889 868 1020 947 κηρόλον
1038 866 1088 928 καλ

67 967 214 1046 κορώνην.
243 966 274 1026 οἱ
291 964 323 1025 δέ
342 983 446 1042 φασιν,
468 966 511 1026 ότι
525 965 559 1024 τὰ
574 963 683 1046 ἀρρενα
697 966 809 1026 τούτων
823 965 947 1044 κηρόλοι
962 969 1088 1026 καλοῦν-

68 1079 127 1125 ται·
148 1063 218 1143 ὅπερ
237 1060 349 1141 ἀληθές
368 1059 437 1122 ἐστι.
471 1063 657 1143 θρηνητικὸν
673 1061 705 1124 δὲ
723 1063 754 1124 τὸ
774 1065 849 1146 ζῷον
863 1062 911 1122 καὶ
930 1061 1009 1143 παρὰ
1028 1068 1089 1135 τοῖς

30 1181 55 1220 ιο
68 1163 213 1244 αἰγιαλοῖς
231 1162 384 1238 νεοττεύει,
404 1160 454 1220 καλ
473 1160 505 1220 τὸ
524 1170 603 1238 κῦμα
623 1159 791 1241 ἀφαιρεῖται
810 1161 901 1222 αὐτοῦ
920 1161 989 1233 τοὺς
1008 1182 1088 1220 νεοτ-

68 1260 146 1342 τούς.
175 1255 218 1320 ιδ’
233 1257 265 1319 (λε’
280 1277 373 1336 φασιν
389 1255 510 1337 ἡμέρας,
530 1259 601 1320 όταν
615 1265 715 1342 γεννᾷ,
730 1258 883 1331 εὐδιόζειν,
897 1255 933 1330 ἀς
947 1263 1089 1318 καλοῦσιν

68 1357 261 1430 ἀλκυονίδας,
284 1351 311 1428 ζ’
333 1355 390 1436 πρὸ
410 1365 462 1434 τής
480 1357 645 1436 γεννήσεως
663 1355 713 1417 καλ
732 1353 759 1428 ζ’
778 1355 848 1435 μετὰ
866 1355 921 1434 τήν
940 1354 1087 1435 γέννησιν.

137 1475 160 1515 υ.
184 1452 392 1534 χάλκυόνεςε
413 1448 581 1534 Ἀντίγονός
601 1451 641 1536 (v.
662 1457 721 1514 sch.
740 1448 774 1535 b)
795 1472 903 1533 φησιν,
927 1453 971 1513 ὅτι
994 1453 1086 1534 γηρό-
1099 1470 1156 1513 σιτ

71 1568 195 1613 σκουσαι
218 1552 251 1610 αἱ
272 1549 412 1623 ἀλκυόνες
435 1553 560 1630 κηρόλοι
583 1553 722 1632 γίνονται.
760 1552 791 1613 τὸ
814 1549 845 1612 δὲ
869 1554 945 1636 ζῷον
964 1551 1089 1630 βιοτεύει

33 1666 57 1707 ιι
72 1648 138 1729 περὶ
161 1648 213 1710 τὸν
232 1649 380 1729 αἰγιαλόν,
404 1648 453 1708 καλ
471 1648 503 1709 τὸ
522 1659 602 1727 κῦμα
622 1648 788 1731 ἀφαιρεῖται
807 1651 898 1711 αὐτοῦ
917 1649 986 1722 τοὺς
1004 1666 1088 1709 νεοσ-

72 1748 151 1821 σοός.
190 1743 233 1807 ιδ’
253 1744 284 1806 δὲ
303 1743 413 1826 ήμέρας
432 1746 505 1824 φασὶ
524 1746 591 1827 περὶ
609 1748 661 1820 τάς
680 1746 842 1827 χειμερινὰς
861 1746 970 1829 τροπάς
989 1747 1088 1807 εὐδιό-

70 1848 140 1924 ζειν,
159 1842 195 1917 ἀς
213 1849 354 1906 καλοῦσιν
373 1843 560 1918 ἀλκυονίδας.
589 1845 701 1925 εἴρηται
720 1843 750 1905 ἀὲ
770 1843 888 1906 ἀλκυὼν
906 1845 990 1929 παρὰ,
1006 1844 1036 1905 τὸ
1054 1843 1088 1904 Ιἐν

71 1942 120 2004 ἀλλ
139 1943 232 2004 κύειν.

142 2053 232 2106 meh.
249 2052 510 2120 Soph.Trach.104
547 2053 603 2105 sch.
621 2051 858 2120 0pp.fla1.1425
896 2050 1086 2105 LeX.Bachm.
1146 2066 1151 2074 ·

70 2129 115 2192 69,
129 2129 145 2176 ὀ
217 2124 261 2177 Et.
277 2123 314 2177 M.
330 2128 372 2188 66,
388 2128 421 2175 29
437 2123 482 2190 (cf.
499 2123 578 2192 Gen.)
650 2123 693 2178 Et.
710 2122 780 2176 Gud.
797 2129 839 2189 91,
854 2129 870 2176 8
885 2122 926 2175 De
942 2120 1051 2174 Stefani

69 2195 114 2249 Et.
130 2193 176 2248 Or.
193 2201 238 2260 13,
254 2201 269 2247 5
342 2194 419 2248 Euat.
436 2199 496 2259 776,
511 2200 544 2248 22
617 2194 703 2247 immo
722 2194 880 2263 Antigonus
899 2193 968 2246 haec
980 2192 1086 2258 refert:

68 2274 125 2320 τῶν
148 2266 179 2319 δὲ
204 2264 349 2319 ἀλκυόνων
369 2264 396 2320 ολ
415 2264 528 2333 ἀρσενες
546 2264 661 2334 κηρόλοι
680 2267 839 2320 καλοῦνται.
873 2263 941 2319 ὅταν
960 2259 1012 2320 οὖν
1031 2263 1086 2318 ἀπὸ

68 2346 120 2391 τοῦ
139 2335 230 2404 γήρως
249 2335 442 2404 ἀσθενήσωσιυ
462 2337 511 2389 καλ
525 2335 621 2405 μηκέτι
636 2336 777 2391 δύνωνται
790 2336 934 2402 πέτεσθαι,
954 2335 1088 2404 φέρουσιν

70 2409 174 2470 αὐτοὺς
188 2408 218 2461 αἱ
232 2408 347 2476 θήλειαι
361 2409 476 2462 ἐπὶτῶν
490 2415 599 2474 πτερῶν
614 2409 757 2479 λαβοῦσαι.
783 2410 906 2463 ceterum
920 2406 955 2461 cf.
967 2406 1086 2476 Hesych.

69 2479 150 2534 Phot.
166 2499 233 2546 κειρ.
303 2479 379 2532 Suid.
394 2500 455 2546 κηρ.
524 2479 581 2532 sch.
597 2478 661 2547 Lyc.
679 2485 742 2544 145,
759 2485 806 2546 333
827 2486 886 2542 146,
902 2484 935 2532 23
950 2477 1053 2532 Scheer

70 2551 128 2604 sch.
144 2550 189 2604 Ar.
206 2553 256 2604 Av.
272 2555 324 2603 300
379 2550 456 2603 Eust.
474 2555 533 2616 776,
549 2555 581 2603 39
659 2562 674 2603 9
693 2551 749 2604 sch.
765 2549 857 2619 Apoll.
872 2549 961 2604 Rhod.
976 2549 989 2601 I
1005 2554 1087 2602 1086:

69 2619 100 2677 τὸ
124 2619 177 2690 γάρ
202 2620 301 2688 ὄρνεον
325 2619 481 2676 θαλάσσιον
503 2623 552 2675 καλ
576 2623 607 2676 ἐν
629 2631 688 2684 τοῖς
707 2624 845 2692 αἰγιαλοῖς
863 2624 952 2692 βιοῦν.
981 2619 1089 2690 λέγεται

69 2695 101 2748 δὲ
126 2691 209 2746 καλό
230 2694 299 2754 Ζεὺς
318 2693 417 2761 ἐφεξῆς
430 2691 631 2747 πεντεκαλάεκα
650 2692 754 2762 ἡμέρας
772 2691 789 2762 ή
810 2692 846 2755 ὥς
863 2713 937 2753 τινος
956 2691 998 2745 ιδ’
1013 2692 1088 2745 εὐδι-

69 2764 123 2826 νάς
145 2772 250 2830 ποιεῖν,
281 2762 330 2818 ἵνα
354 2763 499 2832 ἀποκυήση
523 2763 601 2830 παρὰ
623 2773 683 2827 τοῖς
701 2767 851 2833 αἰγιαλοῖς,
877 2763 907 2816 αἳ
926 2760 1089 2824 ἀλκυονίθες

69 2834 171 2904 ἡμέραι
195 2838 360 2898 καλοῦνται,
385 2833 454 2887 ἑπτὰ
477 2831 531 2901 πρὸ
554 2843 604 2888 τοῦ
628 2833 713 2890 τόκου
732 2836 781 2888 καλ
801 2833 870 2888 ἑπτὰ
889 2833 957 2902 μετὰ
975 2830 1025 2887 τὸν
1043 2830 1089 2886 τό·

70 2927 131 2961 κον.
188 2906 244 2958 sch.
260 2906 324 2973 Lyc.
341 2911 401 2971 240,
418 2911 451 2957 14
467 2904 569 2958 Scheer
623 2907 708 2961 Arist.
724 2906 795 2959 Hist.
813 2922 857 2958 an.
868 2905 893 2957 V
908 2910 932 2970 8,
944 2904 1020 2957 ὀλλο
1036 2912 1053 2955 4

70 2977 180 3031 Aelian.
195 2977 268 3029 Hist.
284 2993 328 3030 an.
343 2975 381 3027 IX
397 2982 428 3028 17
498 2976 569 3029 Plin.
585 2977 655 3030 Hist.
672 2979 730 3030 nat.
744 2976 768 3028 X
783 2982 816 3029 90
884 2975 1089 3029 Pseudo-plat.

71 3049 189 3117 Alcyon.
208 3055 230 3100 1.
247 3053 262 3099 2
282 3064 345 3099 cum
366 3047 422 3099 sch.
479 3047 529 3100 alii

142 3149 156 3189 ε
175 3138 245 3190 haec
264 3136 367 3189 mutila
382 3152 442 3188 esse
457 3140 608 3204 postquam
626 3138 756 3190 Duebner
770 3136 849 3196 vidit,
864 3136 974 3188 Ahrens
989 3151 1090 3204 propo-

70 3209 139 3262 suit:
163 3204 204 3262 ότι
218 3206 288 3275 αὕτη
302 3211 380 3262 θεῶν
393 3206 503 3276 λέλογχε
518 3209 696 3278 [Νηρηΐδων]
714 3208 732 3270 <
735 3205 845 3276 φιλίαν·
865 3206 937 3276 λέγει
952 3205 1004 3275 ab>
1021 3213 1091 3260 Λευ-

69 3278 180 3334 κοθέαν
190 3282 245 3332 κτλ.
257 3295 338 3331 εοεαε
348 3277 493 3346 genetivos
503 3280 618 3332 restitui
627 3280 706 3332 iubet
713 3273 908 3333 Wilamowitz.
929 3277 1000 3330 mihi
1007 3276 1090 3345 plura

69 3350 246 3405 interoidisse
262 3350 393 3403 videntur
465 3351 833 3418 σκηρόλουςκαλεῖσθαιΚι
848 3349 1090 3418 κηρόλοικαλοῦν-

69 3443 116 3476 ται
127 3423 193 3475 cett.
249 3431 263 3472 8
279 3420 306 3474 οὶ
316 3420 440 3474 (λέ-ἐστι
450 3435 503 3473 om.
514 3429 537 3472 Κ
591 3433 620 3474 10
634 3422 770 3476 υεοττεόει
779 3428 811 3474 K:
832 3429 977 3475 νεοττελιον
989 3420 1054 3472 cett.

70 3504 96 3544 11
117 3489 184 3546 ὅταν
204 3495 290 3566 γεννᾷ
304 3499 339 3544 K:
359 3491 423 3559 περὶ
440 3490 491 3553 τάς
509 3493 666 3561 χειμερινὰς
680 3491 784 3562 ἡμέρας
799 3490 914 3563 (τροπάς
928 3489 1008 3558 Gall.)
1024 3490 1089 3543 cett.
