2438 3870
421 151 533 206 Scholia
549 150 595 206 lv·
604 149 766 222 essese-d
1036 151 1099 216 153

85 320 141 399 τὴν
168 320 329 400 παροιμίαν
356 318 545 398 διαδοθῆναι.
585 319 618 379 αἱ
638 313 795 398 Ἀμαζόνες
821 317 895 380 εἰτάν
921 315 1009 399 ἀρρεν
1033 339 1100 398 γεν-

86 418 214 496 νήσωσι,
238 416 332 497 χωλὸν
357 415 429 479 αύτδ
454 425 606 494 ποιοῦσιν,
631 417 681 476 ἵνα
706 417 746 496 μὴ
773 415 976 498 ἀνδρειότερον
1001 416 1101 478 αὐτῶν

86 514 217 595 γένηται·
241 513 291 576 καλ
313 514 428 587 τούτοις
450 513 632 596 ἀνδρωθεῖσι
655 516 781 575 συνίασι.
818 520 953 576 Σκυθῶν
976 506 1032 576 οὖν
1054 519 1100 575 λε-

85 613 200 693 γόντων
222 614 341 674 κάλλιον
364 612 439 693 ἔχειν
462 618 595 673 συνεῖναι
618 613 719 685 αὐτοῖς
738 612 844 691 αὐτάς,
866 611 979 674 ἐκεῖναί
995 629 1099 690 φασιν·

59 736 72 774 s
90 708 204 790 “άριστα
221 710 308 791 χωλολ
326 708 487 789 οἱφοῦσιν’.

155 837 178 878 ο.
202 819 456 899 Σατυρίσκοιςε
474 816 608 898 ἀκρατεῖς
623 818 653 879 οἱ
665 818 797 898 Σάτυροι
810 816 934 895 ἐρώτων,
957 815 1067 898 λέγεται
1090 825 1210 872 “UMT

88 914 120 977 δὲ
138 915 217 996 παρὰ
235 917 267 979 τὸ
286 918 379 996 σάθη,
398 917 480 994 σάθη
499 913 531 976 δὲ
549 915 581 977 τὸ
596 915 701 995 μόριον
714 925 768 976 τοῦ
781 914 892 996 ἀνδρὸς
905 912 1016 996 λέγεται
1030 915 1101 995 ὅπερ

86 1013 137 1074 καλ
155 1012 234 1087 τιέος.
1013 1095 1015 1098 y

154 1123 181 1181 d.
205 1119 225 1200 ἢ
253 1122 515 1202 Σατυρίσκοις
542 1117 735 1201 <ἕγγύθεν
763 1117 782 1198 ἢ
806 1118 1209 1200 Πάνεσσι>ττούςΗΙλΕΑ

42 1243 71 1281 ιο
86 1222 194 1293 Πᾶνας
216 1221 335 1294 ιτλείους
359 1218 453 1299 φησὶν
476 1217 516 1292 ὡς
539 1218 589 1278 καὶ
612 1218 682 1291 τοὺς
700 1217 865 1296 Σειληνούς
884 1216 933 1278 καὶ
952 1219 1021 1291 τοὺς
1039 1222 1102 1278 Σα-

85 1317 206 1397 τύρους,
228 1314 269 1388 ἀς
288 1318 434 1396 Αἰσχύλος
458 1315 511 1395 μὲν
534 1316 566 1378 ἕν
584 1317 709 1400 Γλαύκῳ
729 1310 813 1397 (lgm.
831 1319 871 1376 35
887 1318 994 1376 Nauck
1014 1317 1102 1391 Τιόμ.

85 1435 130 1490 ςν.
144 1409 230 1490 [μοι’
245 1409 313 1497 13),
332 1420 492 1492 Σοφοκλῆς
511 1412 543 1475 δὲ
562 1413 594 1474 ἐν
609 1409 791 1497 Ἀνδρομέδᾳ
811 1408 896 1494 (fgmss
915 1417 977 1474 132
997 1415 1104 1473 Nauck

89 1507 178 1594 159).
225 1512 269 1573 ὅτι
294 1514 325 1573 οἱ
345 1513 478 1590 Σάτυροι
504 1511 554 1573 καὶ
577 1514 608 1573 οἱ
629 1516 729 1585 Πᾶνες
752 1512 926 1593 εύεττλφοροι
952 1512 1027 1592 πρὸς
1052 1510 1125 1583 τὰς’

88 1611 250 1682 συνουσίας
273 1610 376 1690 λάγνοι
400 1607 490 1686 ὄντες,
513 1608 563 1669 καὶ
585 1610 771 1690 Καλλίμαχός
794 1603 881 1693 (fgm.
897 1613 960 1670 366
981 1610 1103 1669 Schnei-
1187 1678 1190 1683 ⁵

160 1757 175 1798 ο
193 1745 236 1800 at.
252 1745 320 1800 Gen.
335 1745 388 1815 (Et.
404 1746 440 1798 M.
457 1751 517 1814 709,
533 1748 570 1815 6)ι
590 1745 729 1812 Σάτυρος·
747 1745 826 1813 παρά
839 1746 870 1800 τὸ
886 1745 962 1814 τάθη
977 1744 1103 1814 σάθυρος

88 1818 137 1871 καλ
160 1818 220 1886 (καλ
238 1833 291 1870 om.
307 1817 341 1886 A)
366 1816 485 1884 σάτυρος
508 1819 544 1878 ὡς
565 1816 637 1887 άλμη
661 1816 793 1887 ἁλμυράς·
818 1815 978 1885 κατωφερὲς
998 1815 1052 1887 γάρ
1070 1815 1102 1871 τὸ

88 1889 130 1958 (τὸ
151 1905 204 1943 om.
218 1888 253 1957 A)
271 1887 351 1958 γένος
369 1897 425 1942 τῶν
443 1889 588 1955 Σατύρων.
644 1888 688 1942 Et.
704 1888 749 1942 Or.
766 1894 826 1955 147,
842 1895 875 1941 14

160 2024 173 2066 1
190 2013 242 2082 τὴν
260 2032 327 2080 παρ.
346 2011 464 2068 ἐνθένδε
483 2010 587 2082 ῥυῆναι
605 2019 649 2066 ΡΤ
725 2024 739 2065 1
759 2010 957 2082 ἴνα-γένηται
974 2028 1028 2065 om.
1043 2019 1067 2064 Κ

88 2086 182 2138 αὐτῶν
202 2083 283 2139 Gall:
309 2081 378 2140 αὐτὸ
398 2085 478 2138 codd.
569 2085 650 2138 σκαλ
670 2082 717 2138 ἵνα
735 2085 851 2146 ταύταις
869 2082 1018 2148 άνδρωθλν
1038 2098 1102 2136 συν-

88 2154 216 2220 ουσιάζοι
233 2162 278 2208 ΡΤ
386 2167 400 2208 4
418 2155 532 2210 κάλλιον
552 2156 673 2208 Ahrens:
693 2151 780 2210 καλὸν
798 2158 941 2207 nsum:
960 2157 1051 2214 καλῶς
1069 2158 1101 2206 1²:

86 2233 218 2289 κακῶςΤ
273 2227 346 2297 ἔχειν
364 2233 426 2280 KG:
451 2227 506 2297 ἔχει
523 2233 581 2279 P'l:
606 2243 659 2279 om.
675 2229 740 2280 eett.
799 2227 894 2288 αὐτοῖς
913 2223 1001 2286 αὐτάς
1020 2226 1101 2292 Κ(11);

87 2299 185 2360 αὐτοῖς
204 2304 237 2352 G:
260 2297 347 2360 αύτάς
365 2304 427 2352 EA:
447 2299 545 2358 αὐτοῖς
563 2304 607 2351 ΡΤ
662 2299 756 2352 ἐκεῖνα
775 2305 798 2349 Κ
887 2292 1008 2366 ὅχωλδς
1026 2295 1105 2364 eleuet

86 2375 132 2422 ΡΤ
224 2380 236 2422 τ
261 2369 337 2438 τάθη
362 2369 394 2424 δὲ
416 2368 448 2424 τὸ
472 2368 570 2439 μόριον
590 2385 665 2437 seqq.
682 2387 734 2422 om.
749 2376 773 2421 Κ
844 2365 898 2437 λέν.
919 2366 986 2434 ὅπερ
1005 2367 1054 2421 καλ
1071 2384 1101 2420 κ.

86 2440 200 2510 scripsi:
222 2437 287 2508 ὅπερ
307 2442 355 2494 καλ
373 2459 402 2494 a.
422 2439 475 2510 λέγ.
495 2448 526 2493 T:
547 2439 600 2509 λέν.
620 2442 669 2494 καλ
686 2438 754 2502 πέος
773 2443 873 2493 GUEA
951 2437 1003 2492 91.
1023 2438 1103 2493 deest

85 2512 118 2565 in
137 2512 217 2567 codd.
237 2509 254 2580 ἢ
269 2509 455 2580 Σατυρίσκοις
471 2512 556 2566 elicui
570 2528 585 2564 e
599 2511 690 2565 verbis
705 2513 753 2565 καλ
766 2507 967 2578 Σατυρίσκους,
986 2509 1102 2578 quaein

87 2587 190 2637 GUEA
209 2584 246 2636 ad
265 2584 412 2651 sequentia
430 2584 588 2648 trahuntur,
608 2599 671 2636 eum
690 2583 720 2636 in
734 2590 757 2634 Κ
771 2579 963 2649 Σατνρλσκονς
979 2581 1039 2634 sine
1053 2581 1102 2634 καλ

87 2654 188 2709 scholii
206 2655 402 2724 praecedentis
421 2655 504 2707 finem
522 2655 618 2709 laniat.
647 2656 745 2707 eontra
758 2654 867 2707 Ahrens
884 2652 920 2705 ab
934 2669 990 2706 uno
1006 2651 1102 2706 codiee

57 2770 58 2773 ,
86 2733 112 2779 Κ
135 2741 223 2794 eoque
247 2725 347 2779 mutilo
371 2743 484 2779 exorsus
508 2725 645 2779 scholium
665 2742 679 2777 ο
702 2725 754 2779 hoe
775 2725 857 2778 modo
877 2723 1011 2778 constitui
1029 2723 1101 2777 vult:

86 2796 195 2867 λέγεται
218 2795 249 2850 δὲ
272 2796 352 2864 τιαρά
373 2797 405 2851 τὸ
430 2796 506 2865 τάθη
549 2795 695 2867 σάθηρος>
715 2797 764 2850 καὶ
783 2795 912 2862 Σάτυρος
931 2798 990 2863 (pro
1009 2797 1102 2847 Σατυ-

87 2866 210 2937 ρίσκους)
300 2879 329 2920 ιο
348 2867 375 2922 οἱ
395 2870 461 2921 ante
479 2871 591 2931 πλειους
610 2867 674 2920 add.
691 2871 804 2933 ῦΠΕΔ,
830 2874 853 2919 Κ
871 2865 955 2919 rubro
975 2883 992 2918 a
1010 2881 1065 2918 see.

86 2976 176 3045 φασὶν
194 2975 284 3041 codd,
310 2991 378 3029 corr.
400 2973 506 3029 Ahrene
601 2984 628 3026 14
651 2972 820 3042 κατάλαννοι
845 2973 937 3040 Toup:
966 2939 1102 3041 κάύάγνοι

86 3047 114 3100 h.
131 3063 154 3100 e.
170 3046 304 3115 κάταγνοι
319 3063 388 3100 corr.
403 3045 433 3097 in
448 3045 546 3114 λάγνοι
559 3051 593 3097 E:
613 3045 661 3098 καλ
675 3043 794 3112 ἄναγνοι
808 3052 843 3098 Κ;
863 3042 998 3114 κάταγνοι
1013 3047 1100 3096 GM:

86 3118 137 3172 καλ
162 3118 260 3187 λάγνοι
285 3117 416 3185 Bentley:
443 3116 597 3186 κατάγυνοι
622 3117 651 3168 L.
671 3115 794 3168 Dindorf
815 3116 890 3170 Πισσ-
917 3116 978 3169 VII
994 3119 1048 3169 100

86 3190 137 3244 καλ
158 3192 242 3243 Καλλ.
267 3205 343 3258 seqq.
368 3188 470 3241 desunt
492 3188 522 3240 in
545 3195 581 3252 Κ,
611 3187 649 3242 ἔτι
674 3203 749 3254 seqq.
773 3187 803 3239 in
824 3192 854 3239 Δ.
887 3186 917 3239 in
936 3185 1102 3239 Callimachi

86 3261 181 3315 verbis
205 3259 407 3314 constituendis
427 3258 627 3312 Schneiderum
650 3262 761 3312 secutus
785 3276 855 3311 sum.
887 3258 1003 3310 Uenim
1021 3273 1101 3324 prae·

87 3333 146 3386 stat
169 3331 198 3386 εἴ
216 3329 243 3384 τλ
266 3351 338 3400 φημι
361 3330 471 3398 ἀμωρος
494 3329 626 3398 ἐρημάθη
651 3330 756 3383 δύνατο
776 3329 806 3384 ἐν
824 3327 922 3395 πείρα,
949 3334 995 3381 GE
1015 3327 1101 3380 etiam

86 3403 179 3474 magis
203 3403 370 3471 perturbata
394 3401 423 3454 εἴ
441 3398 468 3454 τί
491 3421 563 3469 φημι
586 3400 691 3469 άμορον
715 3402 847 3469 ἐρημάθη
872 3383 920 3468 (le.
940 3399 1047 3467 άμηρος
1068 3400 1100 3466 Ε)

87 3474 210 3529 δύναται
224 3473 358 3542 ἐμτεῖραι.
379 3474 488 3526 Ahrens
500 3488 629 3525 numeros
640 3471 840 3526 eholiambieos
849 3471 998 3524 restituens
1007 3484 1101 3537 prop.:

88 3545 158 3600 εἴτι
177 3544 235 3613 φὴρ
254 3545 401 3614 ἐρημωθλν
419 3544 526 3612 ἀμηρος
544 3542 708 3615 <εύμηρον>
728 3541 875 3611 γυναικίον
893 3545 984 3614 πειρᾷ.
