2438 3870
416 136 528 199 Scholia
546 137 558 189 Ι
572 140 726 193 cic-526
1035 135 1079 199 49

123 298 185 382 [a]
204 303 359 384 ξηροῖσιε
379 302 437 377 ἀπὸ
451 312 504 364 τοῦ
519 302 573 376 ξέω
589 305 627 377 ξῶ
641 303 782 384 ῥήματος,
796 301 1014 383 έκμεταφορᾶς,
1027 311 1106 380 cippi(

38 469 41 484 Ι
63 401 137 477 έίλης
159 410 230 477 τῶν,
240 401 348 474 ξύλων
371 401 447 461 εἴτι
469 400 524 483 γὰρ
548 401 679 480 ἕξυσται,
702 400 787 480 ξερὸν
809 401 920 482 γίνεται
938 398 987 466 καί
1005 399 1080 461 κατὰ
1095 393 1120 437 ”

63 497 177 577 τροπὴν
194 507 247 559 τοῦ
267 504 281 560 ε’
301 498 343 570 εἰς
361 505 382 577 η
401 500 500 579 ξηρόν.
895 512 898 515 ’

131 606 158 664 d.
180 607 336 679 καθιξεῐι
357 605 500 686 γράφεται
522 604 573 666 καί
591 606 733 688 καθίξη.
762 604 931 685 βαρυτόνως
949 603 1166 695 λεκτέονξξνλ]

35 701 98 764 aad
125 701 180 783 γὰρ
208 702 389 764 ὑποτακτικα
416 727 474 763 των
500 726 638 784 ρηματων
666 701 776 782 ὁμοίως
804 703 835 763 oi
857 708 982 783 Δωριεῖς
1002 691 1079 781 ημῖν

63 799 269 880 προφέρονται.
308 841 310 844 <

130 919 170 976 52
180 937 207 976 a.
230 914 497 997 ἀνθερίκοισινι
520 915 679 997 ἀνθέρικος
702 914 717 977 6
741 925 794 994 της
807 913 984 1009 ἀσφοδέλου
1005 926 1199 1008 osup-KQ]

62 1014 118 1086 πὸς
136 1011 177 1094 <il
195 1014 312 1087 καυλός.
345 1013 394 1075 καὶ
414 1061 465 1074 ...
485 1012 539 1092 μέν
558 1032 662 1093 φησιν,
687 1013 732 1074 ὅτι
750 1008 914 1090 ἀσφόδελος
936 1013 996 1074 ἐστι
1018 1005 1101 1090 φυ-’Ι

62 1107 147 1191 τόν,>
166 1108 227 1193 ist]
247 1111 282 1173 κά
301 1109 355 1190 μὲν
370 1113 468 1189 φύλλα
487 1111 542 1192 ἔχει
561 1110 601 1184 ὡς
614 1112 729 1193 πράσου
744 1109 859 1192 ἀγρίου,
879 1109 1015 1190 μείζωδὲ
1028 1110 1078 1172 καλ

19 1235 46 1272 ro
62 1210 237 1290 πλατύτερα·
263 1207 278 1269 6
303 1208 334 1270 δὲ
358 1209 467 1282 καυλὸς
491 1207 649 1289 ἀνθέρικος
671 1214 814 1287 καλεῖται,
838 1208 909 1270 ὅσον
932 1216 1078 1289 πηχυαῖος

62 1305 105 1367 ὢν
122 1306 173 1367 καὶ
192 1308 304 1385 μείζων.
333 1307 365 1368 τὸ
385 1306 455 1367 αὐτὸ
475 1304 507 1366 δὲ
526 1305 576 1366 καὶ
595 1307 783 1386 Θεόφραστός
806 1300 899 1388 (Hist.
914 1309 1007 1385 plani.
1019 1308 1078 1366 VH

63 1409 115 1480 13,
131 1400 164 1485 2)
185 1422 285 1483 φησιν.
324 1402 339 1464 6
359 1402 390 1465 δὲ
407 1400 627 1486 Ἀπολλόδωρος
649 1404 708 1465 ὑπὸ
727 1403 868 1486 Δωριέων
887 1398 981 1482 φησὶν
999 1405 1076 1467 οὕτω
1141 1443 1142 1446 =

133 1551 145 1593 l
164 1541 208 1594 Ελ,
224 1540 291 1596 Gen.
307 1541 360 1608 (Et.
376 1541 413 1594 M.
429 1548 490 1606 611,
505 1544 544 1610 3):
564 1540 661 1609 ξηρόν
682 1537 739 1594 ἀπὸ
753 1548 803 1595 τοῦ
818 1541 855 1605 ξῶ
870 1537 998 1609 ῥήματος,
1019 1538 1075 1595 ἀπὸ

61 1620 222 1681 μεταφορᾶς
239 1619 289 1681 τῆς
307 1611 374 1681 ἀλης
391 1621 447 1666 τῶν
462 1613 562 1677 ξύλων·
583 1611 612 1665 εί
621 1631 648 1665 τι
662 1610 715 1682 yolo
731 1611 849 1678 ἔξυσται,
869 1612 955 1680 ξηρὸν
969 1611 1076 1680 γίνεται

60 1685 109 1736 καλ
132 1683 204 1738 κατὰ
226 1683 332 1753 τροπὴν
354 1691 404 1738 τοῦ
428 1689 446 1752 η
469 1683 509 1744 τίς
532 1681 657 1751 ἔξωρόν.
691 1681 778 1744 οὕτως
803 1682 949 1748 Φιλόξενος
972 1681 1076 1752 (Φίλων

61 1755 124 1824 ΑΒ)
148 1755 188 1819 τίς
209 1756 240 1809 τὸ
264 1757 328 1824 περί
351 1752 578 1824 μονοσυλλαβίας.
616 1779 617 1788 2
652 1753 696 1807 Et.
718 1753 789 1807 Gud.
809 1760 874 1821 415,
897 1759 929 1806 17
950 1753 1030 1808 Slurz

61 1826 104 1881 Ei.
124 1825 169 1880 Or.
191 1833 303 1890 111,15
377 1825 442 1880 Orio
456 1825 538 1879 Koes.
555 1830 619 1893 187,
634 1831 668 1878 42
778 1836 790 1877 ι
811 1825 902 1879 Diosc.
917 1825 986 1879 Met.
1001 1826 1074 1879 med.

60 1898 85 1950 H
101 1903 184 1958 169.1
240 1898 311 1951 Plin.
327 1897 399 1951 Hist.
414 1900 471 1950 nat.
482 1895 545 1949 XXI
557 1902 620 1963 1093
634 1895 712 1948 XXH
721 1901 754 1948 67
809 1895 872 1950 Nic.
882 1895 963 1950 Ther.
975 1902 1073 1963 634sq.

60 1986 124 2023 cum
143 1969 200 2023 sch.
269 1968 527 2022 senmurum
597 1967 654 2021 sch.
670 1965 739 2022 Gall.
754 1967 789 2020 H.
803 1967 864 2022 Del.
881 1972 931 2020 193
995 1967 1073 2021 Euat.

62 2045 143 2106 1206,
159 2046 187 2093 ’λε
215 2039 367 2107 ἀνθέρικος
392 2038 406 2092 6
434 2048 482 2108 τῆς
507 2038 665 2108 ἀσφοδέλου
689 2035 797 2106 καρπὸς
822 2036 839 2106 ἢ
863 2036 977 2100 καυλός·
1000 2038 1018 2107 ἡ
1042 2037 1074 2092 δὲ

60 2118 156 2181 χρῆσις
174 2112 223 2165 καλ
241 2110 319 2178 παρὰ
339 2107 487 2182 Θεοκρίτφ.

131 2232 366 2303 λξηρὸν-ξερόν
384 2235 457 2302 cod,
478 2251 545 2288 corr.
564 2235 753 2289 Wilamowicz
845 2244 857 2285 7
878 2233 996 2303 ἀνθέριξ
1017 2241 1038 2287 G

59 2309 124 2377 post
151 2306 259 2373 καρπὸς
285 2306 351 2359 novi
378 2305 477 2360 scholii
501 2306 614 2360 initium
643 2307 740 2360 deesse
763 2306 872 2359 Ahrens
896 2306 1012 2374 censuit.
1037 2307 1073 2359 ad

60 2395 94 2433 ea
113 2393 185 2445 quae
204 2376 303 2430 addidi
322 2376 500 2431 conferantur
515 2377 686 2432 Dioscuridis
705 2377 789 2431 verba
809 2375 964 2445 ἀσφόδελος
983 2378 1072 2446 φυτὸν

58 2459 118 2512 τοῖς
140 2447 278 2510 πλείστοις
300 2449 452 2516 γνώριμον,
476 2449 580 2516 φύλλον
605 2448 669 2518 έχον
692 2448 790 2519 προίσφ
813 2447 922 2520 μιγάλςο
947 2445 1038 2510 ἐοικός

59 2534 73 2574 c
97 2521 181 2574 verba
205 2517 235 2581 ὃς
258 2519 384 2588 (correxi)
406 2550 438 2558 -
456 2519 613 2586 πλατίτιρα
632 2520 765 2573 hocloco
784 2518 963 2588 legunimin
983 2527 1019 2587 K,
1042 2519 1072 2572 in

58 2594 112 2647 fine
127 2591 227 2646 acholii
241 2591 373 2645 lemmate
388 2589 539 2656 ἀνθέρικος
552 2590 674 2660 praefixo
688 2590 718 2644 in
734 2597 762 2657 G,
778 2592 879 2643 desunt
893 2591 922 2643 in
938 2591 1036 2645 ceteris

58 2676 87 2718 ιο
105 2664 172 2719 ὅσον
190 2672 328 2732 πηχυαῖος
346 2669 378 2727 K,
397 2661 431 2715 cf.
446 2661 531 2715 Plinii
549 2661 643 2714 locum
660 2661 782 2731 priorem
802 2661 1024 2730 ‘Theophrastus'
1044 2664 1073 2716 et

58 2737 115 2790 fere
135 2735 234 2789 Graeci
257 2734 442 2802 princepsque
461 2733 634 2802 Pythagoras
659 2733 767 2786 caulem
791 2734 851 2785 eius
870 2732 1024 2786 cubitalem
1043 2736 1072 2786 et

58 2824 141 2875 saepe
164 2808 251 2859 duum
274 2804 431 2858 cubilorum
452 2847 457 2857 .
478 2845 484 2858 .
504 2845 510 2856 .
533 2803 707 2857 anthericum
731 2805 895 2857 vocavere’:
921 2801 952 2866 ὅς
974 2798 1019 2869 (ἧς
1042 2809 1071 2870 G,

59 2878 96 2942 ὥς
114 2883 143 2947 T)
168 2895 237 2947 φησι
261 2879 376 2946 χυθαῑος
395 2877 459 2927 ceci.
534 2885 578 2927 >12
598 2874 612 2928 6
632 2871 663 2928 cl
679 2874 735 2927 Ἀπ.
756 2874 811 2928 ὑπὸ
831 2872 962 2941 Δωριέων
982 2873 1071 2927 Wila-

57 2951 170 3004 mowiiz
194 2948 270 3018 apud
288 2945 450 3001 Hefermehl
469 2946 570 3000 Studio
592 2949 623 3022 ia
641 2947 804 3014 Apollodori
827 2946 892 3013 περὶ
909 2949 987 3001 θεῶν
1004 2949 1069 3036 ίμικ.

60 3022 167 3087 Genea,
177 3022 253 3074 Dias.
261 3020 309 3088 ph.
320 3019 548 3089 Berol.‚1905,25
555 3039 560 3070 :
573 3013 627 3070 Άπ.
643 3016 657 3070 6
673 3014 734 3078 υἱὸς
748 3016 763 3070 6
778 3017 809 3072 δέ
820 3016 951 3084 Δωριέων
965 3024 1001 3069 K:
1016 3021 1069 3070 Απ.

58 3092 90 3147 δέ
110 3092 124 3146 6
139 3089 270 3157 Δωριέων
290 3094 378 3141 GEA:
393 3085 446 3142 Ἀπ.
467 3087 498 3141 δὲ
518 3089 672 3155 ὁΔωριειίς
685 3094 717 3141 T:
734 3085 789 3141 'Ara
810 3086 841 3142 δὲ
859 3097 918 3150 τοῖς
932 3094 1070 3155 Δωριεῦσι

56 3161 207 3218 Hamaker.
231 3162 339 3214 Ahrens
353 3175 409 3212 non
420 3159 634 3226 grammaticum
642 3158 733 3225 illum,
747 3159 796 3212 sed
805 3159 946 3213 medicum
957 3158 1070 3227 Apollo·

58 3235 157 3288 dorum
181 3232 349 3302 intellegens
373 3229 440 3283 olim
464 3230 599 3297 scripturn
617 3229 703 3284 fuisse
721 3232 805 3298 putat
825 3227 879 3284 Ἀπ
900 3229 914 3284 6
934 3231 998 3298 περὶ
1012 3234 1055 3298 ,θη

56 3304 134 3374 ρίαν,
153 3322 208 3373 quo
224 3304 258 3357 de
272 3303 345 3356 libro
358 3300 503 3366 Nicandri,
520 3301 702 3367 Dioscuridis,
717 3300 802 3354 Plinii
816 3302 893 3354 fonte
906 3301 971 3355 vide
981 3300 1069 3354 Well-

56 3370 141 3430 mann
155 3377 250 3431 Herm.
264 3378 310 3440 24,
324 3377 408 3438 1889,
423 3376 536 3441 ὅσθεηη.
565 3372 614 3425 aed
627 3372 806 3440 Neoptolemi
824 3373 988 3427 memoriam
1005 3388 1069 3425 cum

57 3446 236 3518 grammatici
255 3443 419 3514 Apollodori
442 3443 555 3512 saepius
578 3443 757 3496 coniunctam
779 3442 898 3497 inveniri
917 3449 991 3496 recte
1010 3459 1068 3496 mc-

56 3519 119 3571 nnii
133 3515 293 3572 Hefermehl
307 3515 325 3567 l.
335 3514 355 3567 1.
393 3512 464 3567 orico
478 3513 542 3566 Lex.
557 3514 709 3568 Phavorini
722 3533 743 3568 s.
758 3514 922 3582 ἀνθέρικος;
938 3514 971 3568 oc
986 3513 1067 3568 codd.

111 3617 218 3658 sozom
230 3626 256 3655 nr
270 3615 428 3653 'lnocmnun
442 3622 485 3650 reo.
496 3613 615 3652 Wandel
890 3608 907 3655 4
