2438 3870
127 129 170 194 36
452 125 565 181 Scholia
582 127 595 180 Ι
611 131 643 179 15
655 127 815 198 o-llsm

81 308 116 352 εἲ
194 292 297 378 [15ο.]
319 293 355 355 τὸ
375 293 634 376 μεσημβρινόνε
653 293 849 375 μεσημερινὸν
866 293 917 356 καί
934 292 1042 379 ἐκβολῇ
1060 305 1119 357 τοῦ
1135 301 1158 357 ἓ.

126 402 177 466 καί
195 399 355 484 προσθέσει
373 410 426 462 τοῦ
445 403 465 480 β
483 400 692 482 μεσημβρινόν.

85 503 116 558 λ8
193 495 248 581 [b.]
267 496 437 579 <έίμμιντ>
455 523 499 580 γρ.
518 496 612 577 ἁμῖν.

99 612 115 656 κ
193 593 274 678 [16]
299 590 357 658 ἀπ’
375 594 497 679 ἅγραςε
520 595 579 658 ἀπὸ
598 605 651 676 τῆς
668 595 775 677 θήρας.

104 708 118 750 ε
195 690 275 776 [17.]
299 694 359 758 ἔστι
376 693 426 756 καὶ
444 705 537 780 τροπῇ
556 704 609 756 τοῦ
627 693 646 756 σ
663 693 706 768 είς
724 691 743 753 ν
761 693 842 755 ἕντι.
1180 715 1193 756 ι

69 795 118 850 κε’
196 797 272 854 18κ.
295 795 356 856 καί
373 793 409 854 ol
424 791 478 854 ἀεὶ
497 794 651 874 δριμεῖαι
675 790 740 852 ἀντί
759 799 826 852 τοῦ·
850 790 1012 865 διαπαντὸς
1030 789 1153 866 ὀξύθυ-

127 891 181 969 μός
200 890 289 952 έστιν.

61 1001 118 1045 on
193 991 221 1051 b.
245 990 388 1070 δριμεῖα
411 988 507 1069 χολά;
537 985 673 1068 ὀξύχολός
695 987 769 1068 ἔστι,
796 989 1028 1070 παραδείκνυσιν
1052 988 1152 1052 αὐτοῦ

128 1089 159 1149 τὸ
179 1085 328 1167 ὀξύχολον.

21 1197 120 1243 um
198 1178 326 1266 19l20o.
345 1184 385 1245 τὰ
399 1185 599 1262 Δάφνιδοςτ
617 1183 652 1244 τὰ
666 1183 731 1265 περὶ
746 1192 798 1244 τοῦ
813 1183 949 1244 θανάτου
963 1193 1016 1245 τοῦ
1025 1184 1151 1262 Δάφνι·
1166 1215 1193 1254 1⁰

131 1283 183 1356 δός
201 1305 252 1362 μοι
270 1281 340 1363 λέγε.

100 1393 115 1435 κ
195 1376 251 1461 [b.]
272 1379 390 1453 ἀεῖδες
407 1378 571 1462 <γρολφεται
590 1375 708 1459 ἄειδε)
727 1377 792 1440 ἀντὶ
810 1388 863 1440 τοῦ
881 1378 952 1460 λέγε.

21 1489 120 1534 lm?
197 1499 220 1539 ο.
244 1476 302 1540 έπλ
320 1477 357 1539 τὸ
375 1477 483 1540 πλέον
502 1479 576 1540 ἵκεο
595 1478 734 1558 μοίσαςτ
756 1474 771 1537 6
790 1487 864 1550 νοῦς
881 1487 1024 1551 τοιοῦτος·
1043 1477 1096 1540 καί
1115 1477 1150 1541 έν

129 1586 165 1660 τῇ
183 1578 343 1659 βουκολικῇ
363 1570 427 1661 ᾠδῇ
446 1575 523 1638 πολὺ
540 1572 740 1658 προβέβηκας,
758 1573 830 1635 ὥστε
848 1591 879 1635 σε
898 1585 986 1635 νικᾶν
1003 1574 1149 1650 ἅπαντας.

105 1685 121 1728 κ
199 1675 227 1736 d.
244 1672 352 1754 ἤγουν·
373 1663 447 1758 ᾆσον
465 1672 506 1747 ὡς
524 1673 596 1745 ἔθος
614 1678 676 1745 τοῖς
693 1671 849 1751 βουκόλοις
868 1667 961 1756 ᾅδειν.
1164 1699 1192 1742 ις

20 1782 142 1828 mm
202 1765 329 1850 21l22a.
352 1779 396 1831 τῶ
415 1792 448 1831 τε
467 1771 631 1852 Πριήπωτ
650 1769 788 1850 Πρίηπος
806 1769 929 1849 νύμφης
942 1770 1059 1843 Ναΐδος
1072 1771 1149 1833 Χιό-

127 1891 183 1947 νης
201 1866 250 1928 καλ
269 1868 420 1929 Διονύσου
440 1867 517 1947 υίός,
536 1864 572 1929 ὃν
590 1869 688 1929 κτίσαι
706 1866 772 1949 περὶ
790 1867 964 1947 Λάμψακον
984 1865 1149 1947 ὁμώνυμον

127 1965 208 2051 αὐτῷ
231 1965 318 2026 πόλιν
341 1966 423 2045 φασί.
460 1959 532 2048 παρ’
549 1964 638 2038 ἐνίοις
663 1963 694 2026 δέ
719 1962 734 2025 6
758 1964 847 2038 αὐτός
865 1964 924 2028 ἐστι
942 1971 981 2050 τῷ
996 1966 1147 2054 Διονύσῳ.

33 2098 43 2141 ·.
126 2063 177 2126 καί
209 2063 241 2127 έκ
272 2074 324 2143 της
357 2063 547 2146 ἐτυμολογίας
575 2062 592 2126 6
620 2062 708 2136 αὐτὸς
736 2064 885 2141 φαίνεται·
913 2062 973 2124 έστι
1000 2062 1055 2144 γὰρ
1080 2058 1148 2127 οἷον

127 2161 276 2241 βριήπυος
299 2160 349 2222 διὰ
367 2161 418 2235 τὰς
437 2161 469 2224 έν
487 2169 551 2235 ταῖς
569 2163 718 2242 βακχείαις
736 2160 786 2222 καί
804 2159 913 2240 μέθαις
932 2159 1091 2241 έκβοήσεις.
1126 2160 1192 2244 ἣςο

128 2259 268 2339 Πρίηπος
286 2256 344 2318 ἀπὸ
363 2268 416 2318 τοῦ
434 2262 593 2340 προΐεσθαι
612 2258 644 2320 τὸ
664 2258 784 2339 σπέρμα.

199 2368 227 2410 ιο
247 2357 304 2410 soh.
319 2357 384 2411 Luc.
400 2363 444 2425 59,
460 2363 564 2412 13-16
578 2359 658 2414 Robe
731 2358 822 2414 Strab.
839 2359 903 2413 XIII
917 2364 969 2412 587
1042 2360 1146 2416 Athen.

127 2429 140 2482 1
155 2429 213 2482 oob
268 2427 325 2482 soh.
341 2427 420 2482 Dion.
436 2428 495 2483 Per.
507 2435 558 2484 576
578 2434 604 2500 (e
619 2431 676 2484 soh.
690 2430 815 2496 Theoor.)
870 2428 990 2496 Hooyoh.
1002 2429 1079 2483 Suid.
1091 2435 1147 2501 Πρ.

128 2498 292 2568 Apollodori
310 2498 383 2553 libro
402 2501 474 2567 Περὶ
491 2504 569 2555 θεῶν
588 2501 745 2569 conscripto
764 2500 817 2553 hoo
834 2498 973 2552 scholium
987 2498 1037 2551 dot
1051 2500 1148 2558 Bruno

129 2569 256 2624 Schmidt
279 2570 323 2624 De
343 2571 459 2625 Cornuti
478 2573 639 2644 Τίιοολογλατ
659 2587 771 2643 μνοτυοτ
793 2569 950 2637 compendio
968 2570 1062 2638 οομίίο
1081 2569 1148 2642 duo,

129 2643 206 2698 Dos.
216 2642 286 2711 phil.
302 2642 370 2695 Ηαι.
384 2646 429 2706 21,
445 2648 470 2709 1,
485 2648 566 2709 1912,
582 2648 618 2697 το

198 2729 263 2784 ll:
282 2730 314 2784 τὸ
333 2730 520 2803 μεσημβρινόν
538 2731 620 2786 Call:
644 2729 676 2786 τὸ
695 2728 882 2800 μοσημβρινολς
901 2735 932 2782 1:
952 2746 1006 2784 om.
1022 2735 1043 2782 E
1097 2751 1147 2797 με·

130 2801 503 2873 σημορινὰς-μεσημβρινοίς
521 2809 540 2855 'l'
630 2811 645 2854 8
663 2801 853 2868 παραδεικνὺς
871 2801 966 2868 oodd.‚
987 2817 1038 2855 em.
1054 2801 1147 2857 Wila-

128 2873 240 2927 mowitz
326 2883 353 2926 12
372 2873 424 2927 loo.
440 2875 498 2928 ind.
514 2873 631 2944 Zieglor‚
651 2871 775 2941 explevit
792 2871 982 2926 Wilomowilz
1067 2883 1095 2926 18
1114 2872 1146 2930 τὸ

129 2960 182 2997 om.
198 2951 221 2995 K
274 2952 342 3006 νοῦς
359 2951 395 2998 K:
416 2945 519 3009 σκοπὸς
537 2952 569 2998 Τι
589 2940 693 3004 σκοπὸς
713 2944 743 2997 δέ
763 2945 827 2998 0066.
905 2955 933 2997 14
952 2951 1036 2999 νικᾶν
1054 2943 1147 3000 ἅπαν-

128 3034 179 3076 τας
192 3022 227 3067 K:
248 3015 296 3068 καλ
314 3024 398 3071 νικᾶν
417 3019 481 3070 οολλ.
560 3026 589 3068 lo
607 3013 738 3083 Πρίαπος
756 3035 781 3069 ν.
800 3018 837 3068 Ν.
856 3018 890 3069 X.
910 3016 958 3069 καλ
976 3019 1010 3069 Δ.
1028 3012 1090 3076 υἱός
1108 3023 1145 3070 K:

129 3083 259 3152 Πρίαπος
277 3107 302 3140 ν.
324 3091 358 3140 Ν.
378 3091 412 3140 X.
432 3088 481 3141 καὶ
494 3091 528 3141 Δ.
552 3087 638 3156 φησίν
658 3084 723 3139 υίόν
742 3090 830 3138 on:
853 3086 903 3141 τὸν
922 3085 1053 3156 Πρίηπον
1067 3107 1091 3141 ν.
1106 3091 1145 3142 Ν.

129 3153 573 3226 ἣΧ.καλΔ.φασλνυλόνΡΤ
680 3167 708 3208 10
727 3157 776 3210 κοιλ
795 3158 825 3211 έκ
844 3166 892 3228 τῆς
910 3165 946 3210 K:
971 3158 1002 3213 έκ
1019 3165 1069 3226 τῆς
1086 3163 1145 3212 PT:

130 3228 178 3280 καλ
202 3227 284 3296 λοίτης
307 3228 343 3296 (h.
360 3245 382 3282 e.
407 3228 456 3283 διὰ
478 3237 540 3298 τῆς,
565 3230 597 3282 ut
619 3227 692 3282 vidit
714 3227 855 3295 Duobnor)
878 3233 954 3282 on
1025 3228 1079 3299 γὰρ
1104 3231 1146 3298 (γε

130 3298 248 3366 Ahrens)
262 3300 328 3366 post
341 3299 414 3367 ἐτνμ.
429 3300 558 3354 inserunt
572 3303 645 3351 m
693 3296 827 3367 φαίνεται
840 3306 924 3352 KH:
941 3316 1028 3369 φασιν
1043 3302 1108 3352 cett.

130 3369 182 3438 γὰρ
201 3375 258 3421 PT:
278 3377 347 3439 γοῦν
365 3376 401 3421 K:
422 3371 532 3425 oloott.
578 3367 680 3438 llpost
698 3366 897 3424 olovadd.PT
970 3381 997 3423 21
1017 3367 1147 3440 Πρίηπος

129 3458 182 3494 om.
198 3445 317 3493 nou:
336 3438 452 3509 πρίητος
470 3441 542 3495 coni.
560 3440 677 3507 Reioke‚
696 3439 832 3508 προϊητκς
849 3441 988 3508 Duobuor,
1006 3443 1147 3511 προΐηπος

130 3511 237 3567 Ahrons
292 3507 349 3566 ἀπὸ
369 3520 419 3565 τοῦ
437 3513 588 3580 προΐεσθαι
609 3517 726 3564 KGFJ·
755 3509 760 3539 ⁸
962 3518 1007 3566 n
