2438 3870
149 118 215 191 350
252 125 401 181 Δωσιοίδοο
421 118 518 195 Βωμίς
537 113 854 198 Ῑόίλὸλι-Βησαντίνοο
873 110 970 196 Βωμδς
988 113 1052 198 lide

79 308 139 351 ιιιι.
216 296 244 355 b.
263 295 328 356 ἴσθι
347 291 378 354 δέ
398 291 438 366 ὡς
456 287 542 367 οὗτος
562 292 615 373 μὲν
629 289 770 355 Ὀδυσσέα
786 293 836 355 καὶ
850 295 1008 374 Διομήδην
1022 294 1097 374 φησὶ
1112 295 1165 358 τὸν

152 393 337 471 Φιλοκτήτην
351 390 471 473 ἀγαγεῖν
486 392 527 466 εἰς
544 393 663 475 Τροίαν,
677 397 839 472 Σοφοκλῆς
857 389 888 453 δὲ
907 390 940 452 ἕν
957 398 997 479 τῷ
1016 394 1164 473 Φιλοκτή-

149 513 202 551 του
221 491 346 572 δράματι
361 484 502 552 Ὀδυσσέα
520 489 569 551 καλ
586 490 801 569 Νεοπτόλεμον.

433 856 700 945 Βησαντίνου
728 851 875 943 Βωμός

48 1062 138 1106 Anium
212 1041 247 1108 ‘0
263 1057 335 1121 νοῦς
354 1047 424 1107 ὅλου
443 1055 495 1106 τοῦ
513 1045 684 1124 ποιήματος.
1188 1078 1199 1118 5

218 1157 334 1214 1-3a,
354 1151 451 1226 δλόςι
467 1152 565 1232 τὸτῆς
585 1152 693 1231 σηπίας
712 1151 812 1231 μέλαν,
831 1148 847 1212 ὃ
865 1151 915 1214 καλ
931 1153 1025 1216 θολὸν
1038 1158 1163 1217 καλοῦσι

149 1252 359 1332 πορφυρευταί.
383 1260 520 1311 σκοτοῦσι
540 1248 572 1311 δὲ
590 1251 624 1311 αἱ
639 1253 743 1329 σηπίαι
761 1250 816 1329 τὴν
834 1249 915 1331 πέριξ
933 1251 1032 1312 αὐτῶν
1047 1253 1161 1314 θάλασ-

148 1369 203 1410 σαν
222 1348 271 1410 διὰ
295 1357 348 1410 τοῦ
367 1347 506 1428 μέλανος,
530 1349 579 1409 ἴνα
602 1351 717 1410 λάθωσι
738 1348 808 1421 τοὺς
830 1349 988 1430 θηρευτάς.
1021 1354 1161 1426 ψιλοῦται

148 1446 242 1508 δὲκαὶ
258 1444 391 1521 ὀξύνεται
411 1443 488 1520 ὀλός·
508 1446 609 1529 τὸγὰρ
625 1446 807 1528 περιεκτικδν
826 1447 981 1509 δασύνεται
999 1445 1049 1508 καὶ
1066 1449 1161 1528 βαρύ-

75 1560 235 1607 λιοι.νεται.
303 1547 329 1604 b.
355 1543 370 1606 δ
394 1544 478 1625 λόγος
502 1542 533 1605 δὲ
556 1545 614 1607 ἀπὸ
637 1554 690 1606 τοῦ
712 1546 828 1625 βωμοῦ·
853 1545 896 1605 ὅτι
914 1545 951 1606 οδ
968 1543 1107 1629 σέρηιομαι
1125 1552 1165 1631 τῷ
1176 1577 1201 1616 10

147 1655 205 1704 τῶν
224 1645 335 1723 ἱερείων
354 1644 468 1722 αἵματι,
492 1641 580 1704 ὁποῖα
603 1641 621 1722 ἡ
646 1645 752 1723 κάλχη,
776 1643 794 1704 ὅ
813 1642 891 1705 ἔστιν
911 1638 1046 1726 [ἱερεῖον]
1063 1641 1094 1724 <.
1109 1690 1118 1705 .
1132 1643 1164 1723 >

148 1739 220 1814 ‘wic
245 1742 431 1812 δευσοποιοῖς
457 1741 624 1819 φαρμάκοις
649 1739 833 1814 ξανθίζεται’
858 1736 948 1822 (fgm.
970 1743 1068 1819 adesp.
1093 1745 1158 1805 441

147 1842 254 1900 Nauck
272 1843 358 1916 Τνομ.
370 1859 414 1915 ην.
428 1832 513 1915 ίμυι.2
532 1833 618 1921 924).
647 1849 848 1920 μεταφορικῶς
867 1838 898 1901 δέ
917 1839 949 1900 τὸ
968 1847 1026 1900 τῶν
1045 1840 1162 1920 ίερείων

147 1933 219 2018 αἷμα
238 1939 346 2016 σηπίας
365 1935 434 1998 ὀλὸν
453 1931 533 1998 εἶπεν
553 1937 601 1997 διὰ
620 1937 674 2017 τὴν
693 1936 856 2017 ὁμοιότητα.
969 1932 989 1953 ”

45 2059 134 2102 λιιοι.Μ
212 2066 235 2106 ο.
255 2043 335 2118 ὀλδς
353 2041 517 2125 <λιβρὸς>
536 2041 551 2104 δ
571 2043 728 2124 σκοτεινός,
748 2044 822 2123 φησὶ
841 2043 874 2106 δὲ
891 2045 923 2107 ιδ
942 2040 1022 2125 αἷμα.
1173 2075 1198 2115 ιη

216 2192 230 2232 ο
249 2181 368 2249 Hesych.
380 2181 459 2234 Phot.
472 2180 548 2234 Suid.
560 2179 623 2242 ὀλίς
659 2181 748 2250 Epim.
760 2181 858 2250 (Crem.
869 2182 920 2236 Au.
932 2181 982 2236 Ox.
997 2183 1009 2236 l
1024 2189 1085 2250 442,
1096 2186 1124 2252 λ)

145 2253 232 2305 Bekk.
247 2255 299 2305 An.
314 2271 355 2320 gr.
372 2258 413 2317 12,
429 2257 462 2304 23
517 2253 553 2304 Ιο.
569 2251 640 2305 Phil.
656 2253 726 2320 Περὶ
745 2261 800 2308 τῶν
819 2255 899 2322 διαφ.
914 2273 971 2308 τον.
989 2259 1031 2319 11,
1046 2259 1093 2320 373
1116 2260 1159 2321 14,

146 2329 178 2375 19
194 2323 325 2390 Egenolff
393 2333 420 2375 15
440 2323 558 2392 Hesych.
574 2323 653 2377 Phol.
668 2322 764 2395 λιβρόν
814 2324 937 2378 Erotium
954 2329 996 2392 92,
1011 2324 1121 2378 llKlein

145 2395 188 2448 ut.
205 2395 240 2447 M.
257 2399 318 2461 561,
333 2400 366 2446 49
382 2394 427 2461 (ef.
444 2393 522 2463 Gen.)
577 2394 620 2447 Ελ.
637 2394 707 2448 Gud.
724 2401 784 2462 369,
800 2401 833 2450 36
850 2395 929 2450 Slurz

218 2530 229 2571 1
248 2517 309 2572 ίσθι
328 2517 359 2572 δὲ
378 2518 547 2588 Stephanus:
571 2519 635 2581 ίσως
653 2520 729 2573 Fert.

215 2589 309 2642 Liber:
333 2590 417 2642 Anlh.
438 2590 494 2643 Pal.
515 2589 566 2642 XV
581 2596 614 2644 25
705 2591 772 2645 Til.:
797 2596 861 2661 Βησ.
886 2589 977 2662 βωμός
1000 2591 1157 2649 Holobolus

143 2664 223 2729 lm:
243 2677 296 2713 om.
311 2665 399 2726 suth„
418 2661 447 2713 in
466 2678 522 2729 qus
536 2661 680 2716 Besanlini
699 2679 800 2716 nomen
819 2663 854 2717 ad
870 2662 959 2717 Ovum
978 2663 1123 2719 aberravit

144 2743 158 2784 ο
177 2731 262 2794 μέλαν
281 2749 336 2785 om.
351 2732 425 2785 cod.¹
480 2731 513 2786 ὃν
533 2733 638 2800 cod.¹·‘‚
658 2751 725 2788 corr.
741 2734 852 2788 Brunck
930 2745 942 2786 1
961 2735 1160 2804 πορφυρευταί

144 2820 196 2856 om.
208 2802 290 2856 cod.¹.
319 2803 424 2856 ibidem
438 2803 544 2857 inseris
558 2803 690 2874 leguntur
703 2804 773 2858 haec
787 2805 871 2859 verba
882 2804 1068 2875 ineptissima,
1083 2824 1158 2876 quae

144 2874 236 2944 Bergk
259 2891 308 2928 suo
332 2875 392 2928 iure
416 2875 532 2929 delevit:
557 2875 683 2947 μελιβρὸς
707 2875 738 2931 δὲ
762 2876 776 2930 ὁ
800 2875 835 2930 τὰ
858 2874 924 2945 μέλη
942 2876 1016 2946 (lege
1033 2876 1066 2932 τὸ
1085 2879 1158 2948 μέλι)

144 2947 305 3016 βιβρώοκων
360 2956 487 3001 σκοτοῦσι
507 2945 538 3000 δὲ
557 2946 587 3000 αἱ
606 2946 705 3016 σηπίαι
724 2947 811 3002 eod.¹:
835 2956 984 3002 σκοποῦσαι
1002 2947 1087 3016 ood’,
1106 2951 1157 3005 ubi

143 3018 272 3070 lacunam
293 3019 357 3071 unte
372 3018 551 3086 participium
568 3035 585 3070 a
599 3017 720 3088 Bergkio
735 3022 872 3073 statutam
886 3019 977 3072 verbis
992 3017 1029 3090 (ὃ
1043 3022 1157 3087 προδικ-

142 3089 208 3160 ται>
226 3088 392 3157 explendam
407 3090 515 3142 censuit
530 3089 717 3143 Wilumowitz
732 3098 785 3158 (sp.
801 3090 1011 3160 Haeberlinum)
1062 3093 1158 3150 αδτῶυ

143 3177 196 3212 om.
212 3160 286 3213 cod.¹
364 3171 379 3212 8
398 3160 624 3229 διὰ-θηρευτάς
643 3179 695 3216 om.
712 3161 787 3215 cod.¹
858 3172 873 3215 ο
893 3161 955 3224 δλός
974 3171 1027 3216 'om
1043 3164 1121 3218 eod.¹

143 3231 218 3284 cod.²
242 3233 307 3300 posl
331 3231 507 3298 περιεκτικόν
532 3232 650 3286 inseruit
675 3249 690 3286 e
716 3231 820 3286 scholio
847 3232 919 3306 esea
943 3241 999 3288 τῶν
1026 3235 1157 3305 θρεμμά-

141 3322 197 3356 των
269 3313 296 3354 10
314 3301 444 3371 τέγγομαι
464 3303 569 3374 Bergk:
587 3303 724 3372 τέρπομαι
743 3305 802 3358 οοδ.
889 3315 915 3357 11
933 3303 1021 3373 κοίλχη
1041 3305 1158 3363 Bruuek

142 3377 255 3427 auctore
280 3373 429 3427 Salmasio:
453 3375 540 3444 κοίχλη
564 3375 624 3428 cod.
680 3375 781 3443 ἱερεῖον
805 3375 906 3429 seclusi
929 3378 962 3428 ut
984 3376 1122 3433 iteratum
1142 3399 1158 3435 e

142 3444 386 3512 praecedentibus:
406 3445 481 3512 έριον
499 3446 616 3500 Jacobs:
635 3444 734 3516 κόχλος
752 3462 767 3499 e
786 3447 892 3500 scholio
912 3447 931 3500 d
950 3446 1043 3517 Bergk
1100 3449 1157 3507 lec.

141 3515 198 3568 ind.
213 3515 306 3584 Bergk
383 3526 410 3568 15
429 3517 523 3588 λιβρδς
542 3517 609 3570 addi
628 3516 711 3570 iussit
729 3517 822 3586 Bergk
