2438 3870
449 139 554 219 ’Σιρηξ
574 151 616 222 ηε
624 144 756 220 ι-ιιμε
1040 138 1105 210 339

164 316 244 400 7ί8ιι.
264 317 301 393 ὃς
320 320 426 403 μοίσηι
445 319 523 401 λιγὺ
542 320 651 393 πᾶξεν
671 318 882 403 ἰοστεφάνριι
906 312 939 388 ὃς
957 324 1106 394 μουσικῶς

94 419 181 497 ἔπηξε
195 418 250 496 τήν
265 418 396 499 σύριγγα.
421 412 501 478 είπεν
517 416 547 479 δὲ
562 417 656 496 αὐτήν
675 415 790 494 ἕλκος,
809 414 870 476 ἐπεὶ
888 409 966 486 εἶδός
984 415 1013 474 τί
1028 413 1106 476 ἐστιν

95 516 197 589 ἕλκους
216 517 294 578 ούτω
308 518 504 596 καλούμενον·
524 512 660 596 άγαλμα
680 513 711 576 δὲ
730 514 864 593 πόθου,
883 511 943 574 ἐπεί
959 511 1105 592 Σύριγγός

96 639 175 688 τινος
194 614 313 696 ήράσθη
333 612 348 675 ὁ
367 614 436 675 Πάν
455 613 505 675 καλ
524 614 565 687 είς
584 613 705 692 μνήμην
723 623 775 674 τοῦ
794 612 909 694 ἔρωτος,
928 610 1029 688 ἐπειδὴ
1049 610 1105 691 πρὸ

69 713 173 793 σώρας
197 714 351 793 μετήλλαξε
372 714 423 775 τὸν
442 714 520 794 βίον,
543 711 574 773 τὸ
594 711 736 790 μουσικὸν
756 708 882 792 ὄργανον
901 707 1039 794 ἐποίησεν
1057 706 1107 768 καὶ

97 812 173 873 οὕτω
192 812 333 873 ἐκάλεσεν.

162 912 189 970 b.
214 911 432 993 ἰοστεφάνῳ
457 908 502 986 δέ,
529 917 564 992 τῇ
592 909 652 991 ὥρα
677 917 729 968 τοῦ
752 907 849 987 ἔαρος·
876 904 907 966 ἐν
932 906 1025 990 τούτῳ
1050 905 1154 988 γάρει

95 1009 237 1089 κρούουσι
256 1008 306 1080 τὰς
325 1008 472 1088 σύριγγας.

165 1103 269 1184 9ί1οιι.
289 1102 326 1177 ὃς
344 1104 467 1184 σβέσεν
480 1102 642 1183 ἀνορέανι
657 1101 690 1176 ὃς
703 1104 757 1183 τήν
770 1103 978 1184 ὑπερηφανίαν
990 1102 1097 1164 ἔπαυσε
1107 1112 1169 1156 Anus.

57 1221 82 1258 10
97 1205 150 1281 τὴν
168 1203 315 1282 Περσικήν
329 1202 378 1263 καί
395 1213 447 1282 τῆς
465 1201 610 1274 ἀπωλείας
628 1202 682 1280 τήν
697 1202 849 1282 Εὐρώπην
864 1200 1015 1282 ἐρρύσατο·
1034 1200 1107 1279 φασλ

95 1301 166 1381 γάρ,
191 1301 233 1359 ὅτι
256 1299 386 1380 ἐναργῶς
406 1298 421 1359 ὁ
441 1299 509 1360 Πὰν
532 1306 593 1371 τοῖς
607 1297 730 1377 Ἕλλησι
754 1299 934 1378 συνεμάχησε
958 1299 1030 1361 κατὰ
1049 1309 1107 1360 τῶν

97 1398 262 1478 βαρβάρων.
331 1400 358 1458 b.
383 1396 534 1478 ἀνορίαν
554 1395 585 1456 δὲ
604 1397 658 1474 τήν
678 1397 828 1477 Περσικήν
847 1395 979 1477 αύχησιν.
1117 1405 1179 1450 Λολλ·

163 1517 184 1556 ο.
211 1494 371 1557 ι’σαυύέα
399 1494 674 1570 παπποφόνουι
702 1492 768 1554 ἀντὶ
793 1505 845 1555 τοῦ
866 1493 1025 1574 ὁμώνυμον
1045 1502 1208 1557 tomum-H

99 1593 248 1674 Περσέως,
276 1592 309 1666 ὃς
335 1595 387 1655 τὸν
415 1594 537 1655 πάππον
563 1592 655 1653 αὐτοῦ
680 1592 732 1654 τὸν
755 1594 899 1672 Ἀκρίσιον
927 1592 1106 1655 ἀπέκτεινεν

60 1709 83 1747 ιι
100 1693 243 1772 Ἀκρισίου
263 1690 295 1753 δὲ
313 1693 430 1773 Δανάη,
449 1687 504 1770 ἀφ’
520 1684 556 1770 ής
576 1693 714 1772 Περσεύς.
746 1690 801 1770 τήν
821 1689 852 1752 δὲ
867 1691 1019 1772 Εὐρώπην
1042 1697 1107 1753 Τυ-

97 1791 177 1870 ρίαν
202 1785 297 1870 εἶπεν,
323 1791 423 1870 ἐπειδή
447 1788 466 1870 ή
491 1790 624 1871 Εὐρώπη
649 1789 706 1851 ὑπὸ
728 1790 800 1862 Διὸς
825 1788 1011 1870 ἀρπασθεῖσα
1035 1790 1107 1851 ἐκεῖ·

97 1894 152 1948 θεν
172 1905 217 1966 ην.

166 1983 278 2066 11ί12.
307 1975 329 2071 ᾧ
356 1987 456 2048 τόὸει
482 1986 547 2047 ἀντί
570 1997 634 2046 σοῦ’
661 1993 700 2070 τῷ
723 1983 803 2044 Πανὶ
825 1983 880 2061 τήν
903 1986 1027 2065 σύριγγα
1049 1993 1108 2043 τῶν

98 2082 244 2162 ἀγροίκων
273 2082 430 2159 ἐπέραστον
458 2093 554 2161 κτῆμα
582 2082 737 2162 Θεόκριτος
764 2079 913 2158 ἀνέθηκεν
941 2079 956 2141 ὁ
981 2081 1108 2160 Σιμίχου

58 2196 84 2234 ιο
99 2186 176 2250 παῖς.
209 2180 461 2257 τυφλοφόρους
485 2178 516 2240 (λλ
535 2175 596 2240 εἷπε
615 2180 683 2251 τούς
702 2176 873 2260 ἀγροίκους,
892 2177 992 2257 ε’πειιλή
1011 2179 1109 2258 πήρας

99 2287 239 2357 φοροῦσι·
260 2278 340 2356 πήρα
360 2275 390 2337 δὲ
410 2277 458 2338 καὶ
476 2277 572 2355 τυφλή
592 2277 760 2356 συνώνυμα.
789 2286 884 2355 πᾶμα
904 2274 985 2337 δὲτὸ
1004 2285 1108 2356 κτῆμα.

171 2423 185 2464 9
205 2414 278 2466 Sext.
295 2414 372 2482 Emp.
388 2415 456 2468 Adv.
472 2414 559 2467 math.
575 2416 652 2467 1314
707 2414 784 2467 Eust.
801 2419 865 2480 968,
880 2421 926 2479 513
948 2419 1025 2480 1189,
1039 2418 1072 2465 45

98 2495 124 2535 19
144 2485 279 2537 Prol.Aa
297 2502 360 2538 cum
379 2484 431 2540 loc.
449 2485 508 2540 sim.
582 2497 609 2538 ει
629 2485 830 2538 εολι.ΑΔ433
886 2484 1107 2552 Ελ.Μ.189,18;

99 2560 158 2621 699,
174 2562 188 2607 6
209 2556 254 2625 (cf.
270 2555 347 2624 Gen.)
401 2557 444 2610 Et.
461 2556 531 2610 Gud.
546 2563 608 2622 λῖλ,
623 2562 656 2610 30
672 2556 750 2610 Sturz
804 2557 881 2609 Eust.
897 2562 957 2621 493,
971 2561 1006 2608 45

169 2692 183 2734 9
203 2677 487 2751 εἷπεν-καλούμενον
501 2688 593 2735 Anth.:
614 2680 650 2750 ἣν
669 2681 746 2745 ίλκος
760 2678 836 2737 ελπεν
852 2684 881 2736 ἐκ
896 2690 946 2736 τοῦ
960 2681 1109 2736 ἑλκύεσθαι

98 2755 162 2806 cett.
236 2763 250 2805 9
269 2753 424 2822 ἄγαλμαδὲ
439 2773 467 2808 π.
485 2754 653 2807 Βοίεεοιικιλο
669 2754 756 2823 (apud
772 2753 972 2818 Duebnerum):
992 2752 1109 2821 σύριγγα

98 2825 175 2877 ὃλπ.
196 2830 287 2879 Anth:
308 2826 514 2913 σύριγγαιλλπ
516 2825 691 2916 .<άγαλμα>
711 2825 826 2878 Jacobs:
847 2841 898 2879 om.
915 2828 995 2875 Um!
1049 2823 1109 2878 ἐπεὶ

98 2898 130 2948 Σ.
151 2901 245 2950 Antha
275 2901 307 2950 Σ.
333 2896 363 2950 δὲ
388 2899 449 2951 cett.
559 2907 572 2949 5
596 2897 741 2966 μετήλλαξε
765 2901 857 2948 Διιλλιι
882 2893 986 2960 ἐξέλιπε
1008 2897 1072 2949 συλλ.

98 2967 158 3020 cod
173 2968 342 3021 Udesinit'
334 2987 362 3020 ιιι
378 2985 444 3022 voce
458 2986 592 3037 μουσικον
646 2964 747 3022 σαύτὸ
762 2970 826 3035 pos
840 2986 927 3028 ουτως
941 2965 1005 3019 add
1020 2971 1073 3018 ΕΜ

97 3049 111 3088 9
136 3037 166 3100 ὃς
188 3040 238 3107 τήν
258 3043 340 3106 Περσ.
361 3040 479 3108 ὑπερηφ.
504 3040 594 3110 ἔσβεσε
614 3041 662 3093 καί
680 3046 729 3106 τῆς
748 3036 931 3106 Εὐρώπης
903 3057 953 3106 την
973 3037 1109 3107 αἰσχύνην

98 3108 226 3194 ἀφείλετο
255 3117 309 3162 ΕΜ
416 3121 440 3162 11
465 3111 634 3180 συνεμάχησε
658 3115 750 3162 Αιιλιι
780 3107 998 3177 συνεπολέμησεν
1020 3113 1074 3161 ΕΜ

97 3189 125 3231 15
139 3176 433 3248 Ακρισιου-Περσευς
451 3197 503 3234 om
520 3187 598 3234 Anth.
614 3188 635 3232 Ε
698 3179 749 3247 τὴν
768 3177 798 3233 (λλ
820 3180 1108 3249 Εὐρώπην-ἐκεῖθεν

98 3250 200 3340 (ἐκείνη
220 3252 293 3316 cod„
318 3268 385 3304 corr
400 3247 548 3320 Jacobs)
532 3274 567 3320 ην
586 3257 677 3305 Διιτλιω
702 3250 791 3316 Τυρία
810 3250 872 3319 δλή
893 3252 1027 3334 Εὐρώπη,
1048 3251 1109 3306 ἐπεὶ

98 3317 189 3376 ἐκεῖ
174 3343 225 3409 ην
227 3322 364 3376 ὐκὸκλ.ε
350 3342 415 3389 αρπ.
431 3329 469 3376 M:
491 3322 622 3377 ὑκὸΔ
608 3342 672 3388 αρπ.
689 3323 788 3376 ceteris
808 3322 952 3412 pmissisl'.
1024 3332 1052 3375 18
1070 3326 1108 3394 τῷ

97 3398 189 3447 Antha
211 3385 231 3466 ᾧ
246 3400 369 3448 τινιΕλλ
422 3403 477 3447 τῶν
496 3395 661 3463 αγρ-παις
675 3393 837 3462 Αιιλλι·τήν
856 3393 1006 3461 ἐπέραστον
1021 3378 1109 3449 οὖσαν

97 3474 187 3534 κτῆμα
205 3474 261 3519 τῶν
268 3466 340 3556 άγρ.
362 3464 424 3518 ὁΘ.
445 3464 525 3519 ἀνέθ.
547 3464 725 3535 ὁΣιμιχίιλας
742 3462 833 3528 ὁυλὸς
852 3463 1001 3536 Σιμιχίιλου
1019 3470 1073 3541 Ελί

98 3547 125 3587 21
144 3535 275 3605 τυφλοί
263 3539 404 3606 ομώνυμοι
423 3543 476 3589 ΕΗ

895 3626 947 3680 22*
