2446 3870
132 128 173 192 16
485 127 688 197 Prolegomena
706 129 797 184 latina

130 296 209 373 quod
229 295 333 355 Graeci
352 293 528 376 Ἰἕξηγητικόν
551 297 598 356 vel
622 294 832 378 ἀπαγγελτικόν
852 297 969 372 dicunt,
994 300 1046 356 aut
1065 316 1144 356 com-

129 414 217 453 mune
236 394 284 452 vel
301 395 437 468 mixtum,
456 394 536 470 quod
550 393 656 454 Graeci
674 394 776 457 κοινόν
795 395 842 454 vel
862 393 965 473 μικτόν
981 396 1143 472 appellant.

130 491 310 570 δραματικόν
333 494 378 551 est
400 493 448 552 vel
471 493 616 568 activum,
639 493 671 550 in
695 513 753 570 quo
776 512 920 569 personae
945 498 1038 572 agunt
1063 495 1143 553 solae

130 590 193 649 sine
212 583 316 668 [ullius
331 591 384 649 del.
399 591 469 662 Leo,
486 591 565 652 omn.
576 609 620 664 gr.
631 592 700 666 fym.
712 593 753 653 ed.
763 593 879 660 Koibel,
894 593 953 660 11,
967 585 1022 670 53]
1037 595 1143 666 poetae

128 688 365 763 interlocutione,
384 691 419 747 ut
437 706 468 747 se
486 689 599 748 habent
616 689 749 767 tragicae
768 693 798 748 et
816 689 945 749 comicae
964 689 1086 748 fabulae
1099 722 1143 730 —
1171 708 1183 748 e

129 805 189 862 quo
209 805 314 864 genere
333 789 445 862 scripta
464 791 510 848 est
527 789 625 863 prima
639 788 801 848 Bucolioon
814 790 846 846 et
860 807 904 861 ea,
923 788 1006 847 cuius
1021 789 1144 846 initium

129 886 175 942 est
194 880 269 954 ‘Quo
288 887 331 959 te,
351 885 452 960 Moeri,
471 881 572 962 pedes’
596 908 649 961 —3
673 883 846 965 ἕξηγητικόν
865 889 911 945 est
929 886 978 944 vel
997 888 1143 944 enarrati-

128 1000 209 1055 vum,
227 976 260 1039 in
279 1001 337 1058 quo
355 986 445 1058 poeta
463 984 527 1059 ipse
545 984 681 1060 loquitur
699 986 761 1044 sine
780 984 872 1042 ullius
891 1002 1034 1059 personae
1050 983 1140 1042 inter·

128 1079 290 1151 locutione,
312 1083 346 1139 ut
365 1100 396 1140 se
414 1080 525 1140 habent
543 1084 604 1142 tres
624 1082 762 1159 Georgici
781 1085 811 1141 et
828 1081 926 1158 prima
944 1101 1013 1158 pars
1033 1084 1142 1158 quarti,

128 1177 200 1236 item
219 1177 340 1237 Lucreti
362 1181 494 1238 earmina
518 1182 548 1238 et
571 1183 670 1238 cetera
693 1181 739 1240 his
760 1180 884 1255 similia3
907 1178 1010 1239 κοινόν
1030 1182 1075 1238 est
1093 1180 1142 1237 vel
1158 1197 1184 1236 ro

129 1293 291 1350 commune,
309 1279 341 1334 in
361 1296 418 1352 quo
436 1280 527 1352 poeta
544 1279 608 1353 ipse
627 1279 762 1354 loquitur
780 1281 811 1337 et
828 1297 971 1354 personae
987 1277 1142 1353 loquentes

128 1375 372 1450 introducuntur,
395 1377 430 1432 ut
453 1378 498 1434 est
517 1377 629 1452 scripta
648 1375 720 1435 Ilias
740 1379 770 1435 et
790 1373 918 1452 Odyssia
937 1378 1002 1434 tota
1020 1376 1143 1434 Homeri

127 1473 158 1532 et
176 1472 284 1531 Aeneis
303 1472 431 1550 Vergilii
449 1475 479 1533 et
498 1475 597 1533 cetera
615 1474 661 1532 his
681 1475 801 1534 similia.

88 1625 119 1666 11
196 1608 274 1681 486,
290 1607 466 1682 17-487,
482 1610 537 1668 10:
560 1607 695 1666 bucolica
718 1608 859 1666 dicuntur
879 1609 1019 1683 poemata
1038 1627 1142 1666 secun-

128 1706 197 1764 dum
212 1724 330 1778 oarmen
343 1705 494 1782 pastorale
509 1705 683 1781 composita.
715 1705 855 1765 instituta
870 1708 970 1764 autem
986 1708 1065 1779 sunt,
1084 1708 1140 1764 sic·
1157 1721 1181 1760 rs

127 1806 162 1862 ut
180 1803 300 1878 quidam
319 1803 487 1879 putentia
505 1802 653 1862 Laconica
671 1804 728 1878 rel,
747 1806 782 1862 ut
800 1804 862 1878 alii,
880 1804 912 1862 in
933 1803 1050 1878 Sicilia,
1069 1824 1140 1863 nam

126 1903 205 1960 inter
226 1899 476 1960 Lacedaemonios
500 1903 531 1959 et
554 1900 668 1960 Siculos
692 1901 810 1961 diversa
833 1903 892 1960 fuit
915 1902 1056 1961 conditio.
1090 1901 1140 1960 sed

127 1999 206 2074 quod
225 1999 263 2057 ad
282 1998 415 2060 Laconas
429 2000 567 2076 pertinet,
586 1999 659 2058 haec
674 2019 777 2059 eorum
791 2000 850 2060 fuit
864 2002 958 2078 origo.
991 2020 1050 2076 quo
1065 2004 1139 2059 tem·

126 2117 198 2172 pore
213 2097 392 2158 adventante
401 2098 496 2156 Xerxe
510 2099 543 2156 in
553 2095 710 2157 Graeciam
723 2092 752 2176 <
763 2144 787 2158 ..
802 2099 856 2158 loo.
870 2099 932 2158 ind.
942 2098 1003 2157 Leo
1018 2099 1036 2157 l.
1046 2099 1065 2157 l.
1078 2098 1097 2157 5
1101 2093 1140 2174 6>

126 2213 226 2253 omnes
251 2194 367 2254 deserta
385 2195 533 2256 Laconica
555 2199 638 2255 metu
655 2196 851 2256 harbarorum
868 2196 1021 2273 perterriti
1043 2197 1076 2254 in
1095 2195 1138 2254 di·
1154 2210 1180 2250 20

127 2309 225 2352 versas
252 2295 353 2368 partes
381 2293 493 2370 fugisse
517 2294 690 2368 creduntur,
718 2297 761 2370 et,
790 2314 856 2354 cum
879 2297 1010 2372 virgines
1032 2294 1140 2353 timore

125 2391 261 2462 laterent,
281 2409 316 2447 ex
333 2390 389 2449 hoo
408 2393 553 2464 evenisse,
571 2394 608 2449 ut
626 2411 660 2451 eo
680 2392 727 2450 die
747 2412 806 2468 quo
825 2393 930 2452 solitus
950 2395 1015 2452 erat
1033 2393 1139 2451 chorus

125 2488 274 2566 virginum
297 2487 412 2547 Dianae
437 2486 592 2563 Caryatidi
619 2490 763 2564 hymnum
791 2507 896 2547 canere
922 2508 1007 2548 nemo
1031 2489 1070 2547 ad
1093 2508 1138 2548 so·
1177 2556 1182 2567 Ι

64 2633 66 2635 ,
125 2586 221 2644 lemne
240 2583 418 2644 sacrificium
436 2584 628 2644 inveniretur.
660 2588 732 2647 tuno
749 2585 852 2662 itaque
871 2587 1005 2662 pastores
1021 2605 1056 2646 ex
1069 2605 1142 2666 rure¹

124 2685 156 2741 in
174 2683 277 2742 urbem
291 2685 491 2742 convenerunt
505 2685 542 2758 et,
557 2702 594 2741 ne
608 2683 684 2744 ritus
698 2702 849 2744 sacrorum
862 2684 1137 2761 interrumperetur,
1152 2697 1178 2738 2⁶
1215 2760 1216 2763 Ἴ

124 2781 268 2855 pastorali
296 2781 426 2840 carmine
453 2781 617 2856 composito
644 2782 714 2840 deae
738 2782 880 2840 honorem
903 2781 1137 2844 celebraverunt.

124 2879 200 2937 unde
220 2880 265 2937 est
282 2878 464 2938 bucolismus
484 2879 589 2939 dictus.

191 3033 208 3071 a
223 3013 333 3072 Siculis
351 3019 451 3073 autem
471 3017 555 3092 origo
570 3034 646 3090 quae
660 3015 791 3073 trahitur
804 3015 877 3073 haec
891 3017 944 3074 est.
977 3017 1138 3091 antequam

124 3112 215 3172 Hiero
238 3133 289 3172 rex
313 3113 476 3188 Syracusas
500 3117 696 3191 expugnaret,
719 3112 821 3172 morbo
845 3112 948 3172 Sicilia
971 3112 1136 3174 laborabat.

124 3211 215 3270 var-iis
234 3215 264 3269 et
282 3211 414 3270 adsiduis
432 3213 619 3272 caerimoniis
634 3212 763 3270 Dianam
778 3211 932 3286 placantes
945 3210 1034 3269 finem
1048 3211 1135 3269 malis
1150 3229 1177 3268 ao

124 3309 301 3368 invenerunt
319 3328 442 3384 eamque
456 3309 589 3384 Lyaeum
607 3311 894 3387 cognominaverunt
912 3310 999 3384 quasi
1012 3310 1134 3370 solutri-

125 3425 186 3465 cem
215 3408 369 3467 malorum.
405 3407 474 3464 inde
502 3425 548 3465 res
571 3408 604 3464 in
627 3407 874 3466 consuetudinem
896 3409 994 3467 tracta
1016 3409 1074 3483 est,
1101 3411 1153 3480 ut⁴

124 3524 227 3582 greges
254 3506 434 3564 rusticorum
461 3505 612 3564 theatrum
639 3505 865 3584 ingrederentur
892 3509 922 3564 et
950 3505 985 3564 de
1009 3505 1136 3567 victoria
