2438 3870
348 687 961 786 TEOHNOPAEGNIA

447 928 675 1016 Θεοκρίτου
704 917 864 1016 Σῦριγξ

76 1127 140 1172 amn.
172 1187 176 1195 ¹
219 1139 244 1181 a.
259 1114 302 1180 ‘H
314 1120 471 1199 Θεοκρίτου
486 1120 597 1200 Σῦριγξ
616 1117 671 1197 τὴν
689 1116 858 1199 ἐπιγραφὴν
872 1116 930 1180 άπὸ
944 1127 998 1180 τοῦ
1016 1117 1164 1199 σχήματος

151 1217 216 1300 ἔχει.
244 1216 419 1296 συνέστηκεν
433 1214 465 1279 δὲ
484 1215 541 1280 άπὸ
556 1217 739 1278 δακτυλικῶν
757 1215 880 1299 μέτρων·
900 1217 952 1278 καί
967 1217 1042 1278 εἰσιν
1061 1217 1093 1278 ολ
1108 1214 1163 1296 μέν

152 1319 207 1379 δύο
226 1326 336 1397 πρῶτοι
350 1317 441 1396 στίχοι
455 1314 613 1396 ἑξάμετρον,
632 1315 664 1375 οἵ
679 1312 711 1376 δὲ
725 1313 792 1395 έξης
811 1315 866 1376 δύο
885 1313 1085 1394 πεντάμετρον,
1102 1307 1164 1375 εἶτα
1191 1337 1204 1379 σ

152 1414 210 1477 άπὸ
228 1413 313 1476 πέντε
332 1414 433 1475 ποδῶν
452 1413 550 1495 μέχρις
572 1412 645 1485 ένός.
678 1411 740 1474 ἐπεὶ
758 1404 814 1474 οὖν
832 1405 904 1473 καθ’
923 1409 1045 1472 ἕκαστον
1064 1411 1164 1492 στίχον

152 1512 376 1595 ἀφαιρουμένου
391 1511 483 1585 ποδὸς
495 1510 680 1591 συμβέβηκεν
692 1510 744 1572 τὸν
756 1511 892 1593 δεύτερον
904 1509 1075 1592 μικρότερον
1085 1503 1165 1571 εἶναι

152 1622 204 1673 τοῦ
219 1611 337 1693 πρώτου
352 1609 401 1670 καὶ
415 1609 514 1690 λήγειν
527 1603 591 1669 κατ’
603 1607 703 1690 ὀλίγον
717 1609 758 1682 εἰς
774 1609 878 1691 βραχύ,
897 1607 946 1669 διὰ
959 1617 1045 1669 τοῦτο
1059 1605 1164 1686 κέκλη-

152 1733 199 1771 ται
209 1711 333 1792 Σῡριγξ·
349 1708 385 1770 οὐ
400 1708 493 1788 μόνον
508 1705 539 1769 δέ
549 1704 642 1786 <διδι>
650 1718 746 1788 τοῦτο,
761 1704 818 1768 ἀλλ’
829 1707 874 1768 ότι
887 1707 937 1768 καὶ
950 1705 1015 1788 περὶ
1024 1707 1164 1788 σύριγγος

153 1807 312 1889 διαλέγεται
335 1806 384 1868 καλ
406 1817 459 1868 τοῦ
482 1805 599 1888 κρότου
618 1805 757 1886 εὑρόντος
777 1805 883 1884 αὐτήν·
907 1803 982 1887 λέγει
1003 1796 1059 1866 οὖν
1081 1803 1165 1886 εδρε-
1181 1831 1207 1870 ιο

153 1906 207 1985 την
225 1905 377 1987 γεγονέναι
391 1909 480 1966 Πᾶνα
498 1904 548 1966 καλ
566 1903 632 1984 περλ
651 1904 743 1965 αὐτοῦ
762 1899 909 1986 [πρώτου]
928 1902 1003 1985 λέγει
1020 1903 1076 1983 τὴν
1090 1902 1166 1983 ὅλην

152 2003 313 2085 ὑφήγησιν.

219 2104 246 2163 b.
271 2099 287 2163 δ
311 2111 385 2183 γοῦν
412 2102 566 2184 Θεόκριτος
588 2101 620 2162 τὸ
643 2100 728 2183 γένος
751 2100 938 2179 Συρηκόσιος
960 2097 1093 2180 ἤκμασεν
1115 2099 1167 2163 ἐπὶ

153 2201 339 2280 Πτολεμαίου
357 2210 410 2262 τοῦ
432 2199 629 2278 Φιλαδέλφου,

47 2313 108 2358 Αηοι.
120 2313 177 2358 utu
220 2320 243 2360 ο.
263 2297 294 2358 τδ
314 2296 544 2380 ἐπιγραμμάτιον
562 2295 581 2376 ἡ
601 2299 713 2380 Σῦριγξ
736 2307 789 2360 τοῦ
810 2299 968 2378 Θεοκρίτου
987 2295 1167 2376 συνέστηκεν
1182 2321 1208 2362 ιτ

153 2397 185 2459 ἐκ
210 2395 322 2479 μέτρων
346 2396 422 2457 ὅλων
441 2394 494 2476 μὲν
516 2396 712 2476 δακτυλικῶν,
734 2396 874 2475 ποσότητι
897 2393 928 2456 δέ
952 2395 1166 2478 διαφερόντων.

152 2496 185 2558 τὸ
204 2493 258 2575 μέν
278 2494 334 2576 γάρ
357 2504 474 2575 πρῶτον
494 2495 622 2574 δίστιχον
645 2493 800 2574 ἑξάμετρον
823 2491 1024 2573 άκατάληκτον
1042 2495 1168 2576 μετρού-

154 2617 243 2674 μενον
262 2591 302 2666 ὡς
321 2593 352 2653 οἷ
362 2589 496 2673 ἡρωϊκοί,
514 2593 546 2654 τὸ
565 2592 701 2674 δεύτερον
720 2589 752 2652 δὲ
770 2591 925 2672 ἑξάμετρον
943 2591 1168 2674 καταληκτικόν,

153 2692 185 2754 τὸ
204 2692 301 2774 τρίτον
319 2691 515 2771 πεντάμετρον
534 2689 744 2770 άκατάληκτον,
764 2689 796 2751 τὸ
814 2687 949 2771 τέταρτον
967 2688 1169 2772 πεντάμετρον

224 2874 252 2917 18
270 2864 341 2918 Prol.
356 2864 399 2916 Aa

226 3025 314 3079 Libri:
334 3023 419 3079 Anth.
433 3023 492 3078 Pal.
507 3022 557 3077 XV
573 3029 615 3089 21,
634 3027 722 3077 m.
750 3024 784 3077 de
802 3021 887 3076 titulo
901 3037 953 3075 nee
966 3019 1033 3075 libri
1046 3020 1124 3076 inter
1138 3040 1170 3078 εο

155 3095 314 3163 disceptant
331 3111 383 3150 nec
402 3095 551 3165 scriptores
622 3104 637 3146 4
656 3096 824 3150 δακτυλιαοῦ
843 3091 944 3162 μέτρου
963 3091 1037 3159 cod„
1059 3096 1170 3150 correxi

155 3184 189 3221 ex
207 3184 296 3239 κτρα
381 3177 396 3220 8
415 3166 464 3222 διὰ
481 3173 563 3221 τοῦτο
583 3164 747 3220 Haeberlin:
767 3174 849 3221 τοῦτο
868 3166 899 3221 δὲ
918 3163 978 3218 cod.
1064 3175 1080 3217 ο
1099 3166 1169 3222 εδδ.

153 3240 305 3295 Haeberlin
381 3249 407 3291 11
425 3239 537 3306 πρώτου
557 3236 662 3303 delevi,
680 3247 792 3305 πρῶτον
810 3236 924 3306 εὑρετὴν
941 3251 1021 3305 prop.
1035 3234 1132 3306 Bergk

153 3322 181 3365 15
199 3313 231 3367 τὸ
250 3314 293 3367 ἐκ.
311 3311 329 3380 ἡ
348 3314 382 3366 Σ.
400 3317 450 3365 τοῦ
468 3313 499 3364 Θ.
515 3313 607 3362 UEH:
626 3307 658 3363 τὸ
677 3307 709 3363 δέ
727 3308 895 3379 ποιημάτιον
909 3311 989 3360 Anth.
1061 3317 1090 3360 ιλ
1110 3308 1172 3378 τρί-

154 3400 246 3455 στιχον
265 3388 345 3435 m
403 3402 476 3450 μετρ.
496 3380 533 3442 ὡς
551 3379 579 3434 οί
596 3377 713 3448 ἡρωϊκοί
732 3397 785 3434 om.
800 3385 880 3434 Anth.
