2446 3870
484 123 623 178 Praefatio
641 123 653 176 Ι
710 148 713 153 >
880 171 883 176 .
1027 124 1079 180 VH

62 293 163 353 brario
181 292 334 362 debentur,
353 294 405 369 qui
418 294 534 351 textum
548 296 579 352 et
592 292 773 352 scholiorum
786 295 903 368 partem
916 289 1078 353 maximam
1143 269 1158 295 Ἰ

62 383 194 459 scripsit,
217 399 287 441 cnm
310 381 466 460 nigrarum
490 385 596 442 auctor
616 381 753 442 diversus
775 401 836 441 non
859 400 921 441 esse
940 382 1078 442 videatur

65 473 102 532 ab
125 472 191 547 illo,
215 490 304 548 quem
326 470 433 548 idyllio
451 471 521 530 XIV
546 473 673 531 alteram
696 471 876 531 scholiorum
899 472 1076 532 seriemad·

64 562 174 621 didisse
197 561 284 620 modo
308 562 604 620 commemoravimus
623 552 703 642 (1⁰).
737 579 804 619 cum
826 564 855 621 ct
873 561 980 621 humor
998 561 1077 621 codi-

64 670 127 711 cem
145 650 224 710 male
242 650 402 710 violaverit
421 653 451 708 et
468 650 645 710 flavescente
665 653 832 709 atramento
850 649 991 710 librarius
1004 670 1077 711 usus

64 743 116 814 sit,
140 741 319 815 scripturam
341 739 445 798 multis
464 739 536 798 locis
556 738 730 798 difficillime
748 739 822 816 legi,
845 739 996 798 nonnullis
1015 759 1076 799 om·

63 831 134 889 nino
157 829 306 888 interiisse
328 829 438 887 mirum
461 847 521 887 non
545 831 598 887 est.
633 829 764 888 codicem
786 829 861 888 haec
883 828 993 889 damna
1015 829 1077 889 iam

63 923 133 978 ante
152 918 304 978 saeculum
321 917 384 975 XV.
418 917 565 993 accepisse
585 918 759 995 apographa
780 918 837 977 hoo
854 921 989 995 tempore
1008 938 1076 979 oon-

62 1009 155 1081 fecta‚
180 1008 215 1065 de
240 1007 348 1083 quibus
370 1026 439 1066 mox
462 1006 617 1065 dicendum
640 1006 726 1066 uobis
750 1007 819 1083 erit,
845 1009 919 1066 satis
937 1009 1075 1083 probant.

61 1098 221 1159 nonnullos
235 1097 324 1171 locos,
342 1096 394 1172 qni
407 1114 502 1171 paene
517 1098 709 1170 evanuerant,
722 1115 829 1156 manus
844 1098 990 1172 quaedam
1005 1117 1075 1173 apo·
1085 1109 1102 1154 κ
1111 1087 1173 1154 esec

62 1186 184 1266 graphis
202 1187 350 1245 recentior
367 1186 537 1244 litterarum
556 1185 661 1246 ductus
680 1185 767 1244 anxie
787 1188 889 1244 secuta
908 1187 1027 1246 saeculo
1041 1190 1076 1246 ut

62 1279 135 1352 puto
154 1276 235 1334 XVI.
266 1276 428 1349 rescripsit.

130 1365 295 1439 Postquam
308 1363 424 1422 Ahrens
443 1363 564 1423 scholiis
582 1364 683 1440 idyllii
696 1363 737 1422 IV
749 1382 776 1422 ·a
789 1364 916 1440 Iosepho
930 1364 1075 1425 Muellero

62 1457 93 1512 in
119 1472 208 1512 usum
233 1453 372 1512 editionis
397 1471 468 1512 suae
494 1457 632 1512 accurate
658 1453 776 1514 collatis
801 1455 908 1530 quanti
934 1454 983 1512 hic
1000 1455 1076 1514 liber

63 1539 267 1602 aestimandus
286 1544 362 1602 esset
381 1543 530 1620 cognovit,
550 1541 779 1618 christophorus
799 1543 858 1600 Zie
865 1544 943 1621 glor
961 1545 1075 1619 primus

61 1633 202 1691 universa
225 1631 334 1690 codicis
352 1631 546 1690 Ambrosiani
569 1631 682 1692 scholia
704 1631 819 1708 publici
836 1632 911 1691 iuris
930 1633 1010 1692 fecit.
1043 1636 1076 1692 at

61 1741 182 1779 munere
204 1721 283 1780 male
306 1721 428 1779 functus
451 1723 504 1780 cst.
536 1740 597 1780 non
620 1720 753 1798 graviter
775 1720 896 1796 quidem
918 1721 985 1780 ideo
1008 1741 1074 1780 eum

61 1811 215 1885 incusabo,
240 1809 320 1886 quod
343 1810 508 1886 complures
532 1810 612 1869 locos
631 1809 813 1869 difficiliores
832 1813 887 1869 aut
905 1810 981 1869 falso
1000 1811 1075 1888 legit

62 1903 114 1958 aut
137 1898 275 1975 expedire
295 1901 415 1975 praeter
432 1901 640 1958 necessitatem
660 1899 789 1974 destitIt3
812 1899 863 1958 sed
882 1900 1009 1975 exempli
1028 1901 1074 1958 sui

62 1989 236 2048 auctoritati
251 1990 374 2046 minime
389 1988 543 2062 satisfecit,
562 2006 629 2046 cum
644 2007 739 2064 neque
754 1988 887 2047 ordinem
900 1988 1074 2063 idylliornm

60 2081 193 2136 servaret
210 2097 305 2154 usqne
324 2077 360 2136 de
379 2076 481 2135 ordine
500 2077 683 2152 scholiorum
697 2079 729 2134 in
747 2076 862 2152 idylliis
880 2079 1008 2154 singulis
1023 2079 1073 2136 ad·

61 2166 157 2225 bibito
180 2166 290 2241 ubique
310 2166 446 2239 referret,
470 2184 536 2223 cum
555 2167 725 2243 neglegeret
743 2168 773 2224 et
791 2166 1024 2244 glossas‘omnes
1044 2170 1074 2226 et

61 2254 175 2313 scholia
198 2254 362 2312 carminum
384 2253 582 2331 figuratorum
606 2272 699 2330 usque
718 2254 815 2314 adhuc
832 2257 864 2313 in
882 2256 1012 2315 tenebris
1030 2257 1073 2315 la·

60 2343 199 2418 lentium,
213 2362 280 2402 cum
294 2342 421 2418 denique
435 2343 565 2402 crebrius
579 2343 716 2422 vulgares
730 2345 871 2403 lectiones
882 2348 1074 2421 praeoptaret

61 2431 233 2490 melioribus
248 2432 453 2491 Ambrosianis
472 2431 603 2492 abiectis.
636 2436 751 2492 excussi
767 2432 898 2492 codicem
911 2433 1074 2492 Mediolani

60 2521 232 2599 apographo
248 2520 462 2580 Barbariniano
477 2526 566 2580 antea
580 2522 689 2581 collato
704 2522 839 2597 adiutus3
853 2524 942 2597 locos,
957 2523 993 2582 de
1008 2523 1073 2598 qui-

60 2611 115 2669 bus
135 2611 237 2686 aliqua
255 2610 405 2669 dubitatio
424 2610 608 2685 mouebatur,
627 2612 659 2669 in
677 2611 808 2688 imagine
826 2612 901 2670 lucis
920 2631 975 2688 ope
992 2613 1074 2670 facta

59 2700 170 2759 iterum
189 2701 278 2776 atque
296 2701 406 2758 iterum
425 2699 505 2758 domi
523 2700 668 2775 inspicere
686 2699 804 2759 licebat.

127 2789 313 2847 Scholiorum
331 2788 440 2848 codicis
454 2793 485 2847 K
499 2787 558 2848 duo
573 2792 691 2848 exstant
704 2791 891 2866 apographa3
909 2793 1071 2865 utrumque
1081 2800 1159 2854 susae.

58 2878 172 2955 primus
200 2877 330 2935 adhibui.
367 2877 495 2936 alterum
523 2882 569 2938 est
595 2879 627 2935 in
655 2878 754 2937 codice
781 2883 1070 2938 Ambrosianum

60 2971 102 3035 (A
116 2973 173 3026 155
188 2971 275 3040 sup.)
298 2985 372 3026 saec.
387 2966 450 3026 XV.
484 2968 633 3049 exeuntis,
660 2967 713 3043 qni
736 2968 817 3026 foliis
843 2969 1071 3026 167r-—214v

59 3056 173 3115 scholia
195 3058 330 3116 continet
347 3057 379 3114 in
398 3056 549 3115 Theocriti
566 3056 673 3133 idyllia
690 3057 719 3131 Ι,
738 3056 810 3130 VH,
828 3056 977 3130 IH-VI,
996 3056 1071 3115 VIII

60 3145 187 3220 —XIII,
205 3144 243 3220 II,
262 3144 341 3218 XIV,
359 3146 424 3219 XV,
442 3145 538 3220 XVH,
556 3146 637 3219 XVI,
654 3146 760 3220 XXIX,
780 3145 884 3205 deinde
904 3145 1023 3205 Securis
1041 3149 1071 3204 et

58 3233 185 3293 Alarum
207 3237 324 3293 textum
343 3253 409 3294 cum
429 3234 562 3310 scholiis,
585 3236 713 3294 altemm
732 3238 777 3293 est
794 3235 992 3294 bibliothecae
1013 3235 1072 3293 Va·

58 3323 176 3383 ticenae
199 3324 262 3382 cod.
280 3327 547 3383 Barbarinianus
565 3343 613 3396 gr.
628 3330 688 3382 214
712 3320 799 3404 (olim
817 3317 920 3403 1135)
940 3324 1071 3383 eiusdem

59 3413 184 3487 aetatis,
206 3415 239 3471 in
263 3431 322 3487 quo
345 3414 434 3488 plane
458 3413 561 3472 eadem
583 3414 698 3487 insunt,
723 3413 781 3473 nisi
799 3413 879 3490 quod
898 3415 1070 3472 correctoris

58 3519 165 3561 manus
175 3501 302 3561 diarum
316 3504 346 3560 et
356 3501 473 3561 Securis
486 3504 601 3561 textum
614 3501 711 3580 figura
723 3502 815 3577 paulo
829 3504 947 3561 mutata
961 3503 1071 3561 iterum
