2438 3870
144 128 211 194 130
484 127 598 184 Scholia
614 128 652 182 111
666 131 826 199 mnae-g

142 301 230 375 λεῖτο,
248 293 416 375 ἐκτέμνοντι
435 292 451 356 δ
468 291 600 374 Ἴφικλος
617 301 689 367 παῖς
707 291 750 355 ὢν
768 294 940 375 παρίστατο·
964 289 1002 354 δν
1018 291 1170 375 ἐκπλῆξαι

144 390 160 454 δ
178 393 276 473 πατὴρ
294 393 393 454 θέλων
412 391 451 472 ἣν
469 388 526 474 εἶχε
545 394 691 473 μάχαιραν
709 393 751 464 εἰς
770 390 802 452 τὸ
819 391 948 470 πλησίον
966 389 1098 474 δένδρον
1115 390 1169 472 έμ-

142 494 236 570 πῆξαι
253 490 381 572 ὥρμησε,
399 490 450 553 καλ
468 490 581 570 συνέβη
600 489 765 570 ἐπενεγκεῖν
782 489 877 570 αὐτὴν
894 495 956 562 τοῖς
975 489 1096 571 μορίοις
1112 499 1171 553 τοῦ

142 588 258 661 παιδός.
291 586 353 649 ἐπεὶ
377 585 409 649 δέ
431 587 541 670 άμονος
564 579 604 666 ήν
627 585 802 665 δ’Ίφικλος,
824 586 920 670 εὑρὼν
939 585 955 649 δ
974 587 1171 667 Μελάμπους

143 685 200 764 τήν
219 685 365 766 μάχαιραν
382 684 512 748 ἐκέλευσε
532 686 584 747 τὸν
602 685 649 747 ι’ὸν
668 684 850 758 ἀποξέσαντο
863 686 971 746 πίνειν.
1003 682 1055 745 καί
1069 686 1172 763 οὕτως
1194 706 1204 747 ι

144 782 238 844 αὐτὸν
263 781 375 864 πατέρα
402 783 521 863 ἐποίησε
547 782 597 845 καί
619 782 720 864 λαβὼν
742 782 794 856 τὰς
817 785 891 863 βοῦς
914 781 964 844 δεδι
986 782 1104 845 τούτων
1127 790 1171 866 τᾷ

144 879 264 968 ἀδελφῷ
282 882 386 943 Βίαντι
403 882 456 944 τὸν
474 891 527 962 τῆς
545 885 676 963 Πειροῦς
693 881 790 962 γάμου
809 880 1043 962 περιεποιήσατο.

101 992 138 1035 ετ
214 980 242 1039 d.
269 976 289 1058 ή
317 980 430 1060 ίστορία
456 980 537 1061 παρὰ
561 973 749 1062 Ἀπολλωνίῳ
778 974 904 1058 (Argon.
927 980 943 1038 Ι
968 980 1169 1041 118-121

146 1097 214 1137 cum
232 1072 318 1160 sch).

39 1186 139 1232 ww
214 1197 238 1237 e.
262 1172 307 1255 χὼ
326 1175 453 1254 μάντις
471 1168 528 1235 ἀπ’
542 1172 711 1257 ’Όθρυοςε
729 1173 779 1236 καὶ
797 1173 813 1236 δ
832 1175 1019 1254 Μελάμπους
1037 1166 1093 1255 ήγε
1112 1174 1207 1256 τὴνιε

142 1265 275 1350 Ἰφίκλου
294 1271 402 1354 ἀγέλην
416 1275 517 1352 Νηλεῖ
530 1274 572 1345 εἰς
586 1275 701 1352 Πύλον,
720 1274 769 1334 ἴνα
787 1270 893 1354 άμηται
911 1278 952 1357 τῷ
970 1270 1094 1356 ἀδελφῷ
1112 1273 1173 1354 τὴν

147 1371 262 1453 Πειρώ,
285 1371 350 1449 ήτις
373 1369 469 1432 ἐτεκεν
489 1363 711 1451 Ἀλφεσίβοιαν,
735 1369 845 1451 μητέρα
867 1370 1074 1450 Μελάμποδος
1096 1371 1173 1446 ἴσως

148 1467 258 1549 ἐτέρου.

104 1578 141 1622 ετ
218 1561 267 1647 [λ]
291 1558 351 1626 ἀπ’
370 1563 539 1646 ’Όθρυοςτ
563 1568 595 1627 οἱ
610 1565 664 1646 μὲν
682 1567 793 1640 πόλεως
813 1564 908 1644 ὄνομά
926 1584 1019 1644 φασιν
1038 1559 1120 1628 εἶναι
1138 1566 1173 1630 τδ

141 1662 272 1745 Ὄθρυς,
291 1665 323 1725 οἱ
339 1661 371 1725 δέ
389 1662 444 1742 τήν
464 1663 612 1743 φυλακήν.
645 1663 755 1745 ήγουυ·
774 1663 833 1727 ἀπὸ
852 1668 1077 1744 τήςφυλακῆς,
1095 1663 1132 1727 ἐν
1150 1655 1205 1752 ήιι

149 1760 351 1835 ἐφυλάσσοντο
370 1762 403 1822 οἱ
418 1761 496 1842 βόες,
514 1759 534 1842 ή
553 1760 612 1822 ἀπὸ
630 1772 683 1841 τῆς
701 1761 824 1842 πόλεως,
842 1761 874 1823 έν
892 1751 912 1848 ή
932 1755 1016 1841 ήσαυ.

42 1870 163 1917 uum
217 1881 246 1939 g.
271 1859 495 1938 Μελάμπους
514 1857 545 1920 δὲ
563 1859 688 1939 ἐκλήθη,
709 1860 753 1920 ὅτι
771 1859 929 1942 γεννηθείς
947 1857 1068 1940 ἐξετέθη
1086 1861 1174 1943 παρὰ

149 2021 204 2084 εἷχε
227 2011 382 2084 μάχαιραν,
411 2009 472 2068 είτα
494 2015 534 2078 εἰς
556 2013 588 2068 τὸ
610 2012 727 2082 πλησίον
752 2013 872 2083 δένδρον
897 2015 1017 2086 ἐμπήξαι
1033 2016 1173 2086 θελήσας,

150 2083 301 2154 ἐπήνεγκεν
325 2085 413 2140 αὑτοῦ
431 2093 491 2148 τοῖς
509 2083 617 2155 μορίοις
635 2083 707 2140 οὕτω
727 2085 843 2158 συμβάν.
872 2085 1045 2155 Μελάμπους
1064 2086 1096 2140 δὲ
1116 2089 1174 2143 αδ·

148 2155 200 2223 τήν
218 2157 346 2224 ἀνευρὼν
365 2155 488 2211 ἐκέλευσε
505 2155 556 2211 τὸν
569 2153 696 2224 Ἴφικλον
715 2157 834 2222 ξέσαντα
851 2155 901 2212 τὸν
920 2155 966 2212 ίδν
984 2154 1087 2213 πίνειν.
1116 2159 1171 2215 καί

150 2226 235 2290 αάτὸς
247 2227 367 2294 ποιήσας
381 2227 453 2282 οὕτω
468 2226 575 2296 γίνεται
588 2226 700 2283 παίδων
713 2227 814 2297 πατήρ.
866 2227 962 2296 Steph.
972 2228 1037 2297 Byz.
1049 2228 1171 2302 Φυλάκη

220 2309 247 2350 ιι
273 2299 330 2354 sch.
349 2298 442 2367 Apoll.
462 2298 553 2352 Rhod.
572 2299 584 2351 I
604 2305 671 2352 121:
701 2299 789 2369 μήτηρ
818 2300 849 2353 δὲ
873 2297 1064 2368 Μελάμποδος
1087 2305 1172 2371 Δωρ-

152 2365 236 2438 ίππη,
266 2370 304 2432 ὡς
325 2368 484 2440 Διευχίδας.
523 2370 591 2439 φησὶ
617 2371 648 2424 δὲ
678 2372 726 2424 καὶ
754 2370 805 2439 τὴν
828 2368 924 2425 αἰτίαν
945 2379 996 2426 τοῦ
1019 2368 1172 2444 ὀνόματος,

131 2576 134 2581 ¹
222 2522 235 2563 1
253 2509 407 2579 παρίστατο
426 2519 462 2565 Κι
482 2512 660 2581 παρειστήκει
680 2516 744 2567 cett.
829 2525 843 2566 2
862 2513 922 2568 θέλ.
942 2512 958 2568 δ
975 2512 1067 2582 πατὴρ
1085 2519 1135 2568 H

151 2582 191 2644 είς
208 2580 240 2636 τὸ
258 2580 525 2650 πλησίον-παιδός
543 2590 578 2636 K:
599 2584 704 2652 ταύτην
723 2584 763 2647 είς
780 2583 812 2639 τὸ
831 2588 875 2639 πλ.
895 2583 1013 2653 δένδρον
1033 2583 1172 2656 ἐκπλῆξαι

152 2651 274 2721 ὁρμήσας
306 2652 406 2724 συνέβη
436 2655 511 2725 αὐτῷ
539 2654 613 2709 ἐκεν.
638 2657 737 2724 (μετεν.
757 2658 787 2725 G)
810 2664 869 2719 τοῖς
891 2675 952 2725 μορ.
976 2659 1090 2709 om
1119 2659 1172 2713 ἐπ-

151 2723 268 2793 ήνεγκεν
286 2724 374 2778 αὐτοῦ
391 2733 451 2788 τοῖς
469 2722 580 2794 μηρίοις
598 2727 646 2779 καὶ
663 2725 770 2794 ταύτην
789 2726 828 2790 είς
845 2725 877 2781 τὸ
891 2729 935 2782 πλ,
950 2724 1070 2792 δένδρον
1084 2726 1173 2798 ἔπηξε

151 2801 196 2847 ΡΤ
267 2806 281 2848 4
300 2792 515 2865 ἐπεί-Ἴφικλος
529 2814 582 2850 om.
593 2801 745 2850 oum
799 2800 865 2866 post
877 2796 980 2867 ἄγονος
994 2796 1061 2852 Gall.
1075 2798 1171 2926 supgk

151 2867 183 2920 ἐκ
206 2865 336 2935 τοιαύτης
355 2865 447 2930 αἰτίας
502 2868 591 2935 εὑρὼν
610 2866 625 2922 δ
644 2872 684 2922 Μ.
703 2867 754 2937 τήν
773 2868 915 2940 μάχαιραν
933 2877 968 2924 K:
992 2869 1098 2938 ταύτην
1115 2889 1133 2926 ο
1154 2890 1173 2927 κ

153 2936 178 3005 (ὁ
197 2938 261 2992 add.
275 2941 329 3004 Π)
349 2941 389 2992 M.
409 2939 537 3006 ἀνευρὼν
555 2941 621 2993 cett.
713 2950 727 2993 5
745 2939 796 2995 τὸν
814 2939 859 2996 ἰὸν
878 2941 958 3005 ἀποξ.
978 2947 1013 2992 K:
1031 2936 1082 2994 τὸν
1094 2937 1172 3012 Ἰφι-

152 3011 219 3064 κλον
242 3009 322 3074 ἀποξ.
346 3007 396 3064 τὸν
414 3008 460 3064 ίὸν
478 3012 544 3064 συλλ.
635 3021 649 3062 σ
668 3009 780 3080 ἐποίησε
798 3012 847 3065 καλ
865 3012 958 3083 λαβὼν
976 3010 1027 3074 τὰς
1044 3012 1113 3083 βοῦς
1132 3019 1171 3068 K:

151 3078 272 3145 ποιήσας
296 3078 407 3134 παίδων
433 3081 513 3150 ἔλαβε
537 3079 588 3144 τὰς
614 3083 681 3152 βοῦς
704 3083 752 3136 καλ
776 3087 889 3137 oum:
915 3081 1027 3137 παίδων
1048 3082 1173 3152 ποιήσας

153 3149 232 3221 ἔλαβε
245 3150 296 3214 τὰς
311 3148 380 3221 βόας
393 3153 442 3206 καί
455 3156 493 3224 τῷ
504 3154 596 3221 Νηλεῖ
605 3152 710 3216 ταύτας
724 3156 821 3215 διδοὺς
834 3160 879 3206 ΡΤ
952 3164 964 3206 λ
985 3157 1099 3221 Πηροῦς
1112 3160 1135 3208 1²

151 3220 347 3291 περιεποίησεν
369 3229 413 3275 ΡΤ
467 3224 498 3276 in
521 3222 576 3277 fine
599 3223 664 3278 add.
688 3224 744 3291 ἤρα
769 3223 823 3294 γὰρ
842 3226 929 3293 αὐτῆς
947 3222 1058 3293 σφόδρα
1077 3221 1174 3294 (οὗτος

152 3293 217 3347 εδδ.
233 3295 264 3361 (ε)
284 3297 384 3346 uum
456 3294 559 3348 shaec
578 3294 674 3360 verba,
694 3311 767 3362 quae
785 3297 815 3349 in
833 3295 914 3349 libris
932 3312 1070 3349 unacum
1089 3297 1174 3353 scho-

152 3364 200 3418 liis
224 3365 270 3417 2d
293 3366 321 3419 et
342 3364 413 3434 8β9ε
435 3364 530 3434 idyllii
553 3381 584 3419 ar
623 3369 717 3420 mento
737 3366 903 3431 adhaerent,
927 3366 964 3420 εδ
982 3366 1173 3437 Melampodis

152 3435 281 3490 fabulam
312 3435 452 3504 pertinere
478 3436 552 3490 vidit
603 3437 666 3491 othe
695 3439 739 3492 De
763 3439 900 3494 Τλαοοτίεε
927 3439 990 3493 edit.
1013 3441 1174 3511 antiquiss„

150 3508 217 3563 Ικδ.
231 3507 312 3563 schol.
328 3508 452 3563 Rostoch.
473 3512 601 3575 1896,11
674 3519 702 3562 15
724 3508 853 3578 Φυλάκην
872 3508 1061 3564 Wilamowitz
