2438 3870
120 143 143 205 4
464 138 666 209 Prolegomena
685 135 794 191 (la-D

120 308 170 370 καί
185 308 278 388 μικτά.
313 306 367 386 τὴν
381 305 481 386 μέντοι
495 304 554 368 άπὸ
568 315 627 367 τῖον
641 308 722 386 βοῶν
735 305 856 384 εἴληφεν
870 302 1039 386 ἐπιγραφὴν
1052 300 1136 383 <ὡς>

120 406 359 488 κρατιστεύοντος
381 414 433 466 τοῦ
457 402 544 488 ζῴου*
569 402 683 466 διὸκαὶ
702 402 861 484 βουκολικδι
880 400 1012 483 λέγονται
1030 402 1137 463 πάντα.

121 505 232 585 εἴρηται
254 500 286 564 δέ
305 502 449 583 βουκόλος
467 502 546 585 παρὰ
564 502 597 565 τὸ
615 501 666 575 τδις
684 501 757 582 βόας
773 498 904 581 <κέλλειν
917 496 989 579 καί>
1002 499 1137 561 ἐλαύνειν

121 599 141 682 ἢ
165 600 223 663 άπὸ
246 611 299 664 τοῦ
322 600 373 674 τὰς
392 601 464 680 βόας
482 602 618 662 κολούειν
636 599 852 681 άτιμαγελώσας
871 597 890 677 δ’]
909 608 968 660 τῶν
986 600 1067 678 βοῶν
1085 623 1137 660 κο-

122 705 187 778 μεῖν
209 697 260 760 καί
282 697 483 778 ἐπιμελεῖσθαι
501 708 595 783 τροπῇ
614 708 666 760 τοῦ
685 697 867 777 άμεταβόλου
886 697 928 769 είς
946 695 1137 776 ἀμετάβολον.
1166 716 1178 756 τ

42 791 111 853 [bn
190 792 246 878 [b]
266 797 438 876 σημείωσαι·
463 795 509 857 έπλ
534 797 626 877 αίγῶν
650 795 783 876 αἰπόλια,
810 793 859 856 ἐπὶ
882 796 962 875 βοῶν
986 794 1138 874 βουκόλια,

121 893 169 956 έπί
187 895 344 976 προβάτων
362 895 496 973 ποίμνια,
515 892 563 955 έπῖ
582 903 664 955 συῶν
683 893 815 974 συβόσια.

190 989 242 1074 [ο]
261 1001 324 1065 πῶς
347 991 506 1072 βουκολικδι
530 991 745 1073 ύπεγράφησαν
768 992 863 1052 καίτοι
886 991 927 1070 μὴ
947 989 1042 1052 όντων
1060 991 1138 1052 ὅλων

122 1093 317 1171 βουκολικῶν,
331 1088 403 1150 ἀλλὰ
417 1089 465 1151 καί
480 1099 661 1168 ποιμενικῶν
675 1089 724 1151 καί
739 1090 914 1165 αίπολικῶνς
928 1088 961 1150 έκ
975 1098 1028 1150 τού
1044 1090 1108 1170 κρεί
1123 1125 1137 1135 -

121 1211 207 1262 τονος
226 1187 333 1269 μέρους
351 1197 442 1250 ταῦτα
460 1197 519 1249 τῶν
538 1188 723 1270 τετραπόδων
742 1188 967 1270 ὑπεγράφησαν.
1152 1206 1179 1246 ιο

18 1467 148 1528 κεεδλετ
189 1476 277 1533 Πᾶσα
308 1473 428 1550 ποίησις
455 1477 532 1554 τρεῖς
559 1472 616 1552 ἕχει
642 1481 880 1554 χαρακτῆρας,
913 1471 1138 1553 διηγηματικόν,

121 1570 301 1652 δραματικὸν
323 1569 374 1631 καί
392 1571 502 1650 μικτόν.
536 1570 568 1631 τὸ
588 1567 619 1630 δὲ
639 1570 815 1650 βουκολικὸν
833 1571 948 1648 ποίημα
966 1570 1059 1651 μῖγμά
1076 1568 1137 1630 έστι

120 1668 230 1741 παντὸς
253 1669 351 1741 εἴδους
373 1669 509 1750 καθάπερ
533 1667 781 1750 συγκεκραμένον·
811 1667 858 1729 διὸ
881 1667 931 1728 καί
953 1667 1137 1750 χαριέστερον

101 1795 103 1798 ’
121 1775 156 1849 τῇ
174 1767 305 1850 ποικιλία
323 1775 374 1844 τῆς
393 1766 531 1846 κράσεως,
551 1763 620 1827 ποτὲ
640 1763 693 1844 μέν
711 1764 949 1847 συγκείμενονέκ
964 1766 1135 1846 διηγηματι·

192 1912 206 1952 8
226 1902 268 1954 Et.
290 1901 357 1955 Gen.
376 1902 430 1971 (Et.
445 1901 483 1956 Μ.
503 1907 720 1970 208,11-18):
745 1902 889 1972 βουκόλος
914 1901 976 1970 ἤτοι
1000 1900 1137 1973 βουκόνος

121 1993 163 2036 τις
185 1972 237 2039 τόν,
265 1971 343 2040 παρὰ
368 1969 399 2028 τὸ
423 1981 518 2028 κυνεῖν
543 1974 607 2040 περί
629 1973 679 2036 τὰς
702 1975 781 2044 βοῦς,
807 1970 821 2028 ό
844 1975 917 2028 ἐστιν
941 1975 1063 2043 ἐνεργεῖν
1087 1973 1136 2026 καλ

122 2041 284 2116 διατρίβειν.
321 2042 338 2113 ἢ
358 2045 438 2116 βουσί
456 2041 628 2113 κεκλόμενος,
647 2043 665 2098 ὅ
681 2047 755 2100 ἐστιν
774 2043 991 2114 ἐγκελευόμενος.
1019 2042 1135 2112 ἢπαρὰ

120 2113 152 2170 τό
166 2115 259 2184 ιιίλλω,
279 2113 293 2170 ὃ
309 2114 437 2185 σημαίνει
455 2114 470 2171 δ
489 2115 548 2185 ἅμα
565 2124 624 2179 τοῖς
642 2117 723 2188 βουσί
741 2115 842 2171 κέλλιιν
859 2116 929 2189 (καί
942 2115 1045 2186 τρέχων
1061 2115 1134 2169 adde

122 2203 156 2241 ex
179 2187 283 2240 Aneed.
298 2187 387 2258 Est.)
416 2184 541 2257 Δίδυμος
563 2188 640 2258 (fgm.
660 2188 726 2242 dub.
746 2187 856 2242 εειλίεὸ
882 2187 1009 2242 Schmidt
1031 2205 1058 2256 p.
1074 2189 1137 2256 402)

122 2256 153 2312 δὲ
175 2256 254 2325 παρὰ
276 2257 308 2311 τὸ
326 2267 424 2325 κομεῖν
447 2257 578 2329 εἰρῆσθαί
600 2259 709 2332 <φησιν
732 2259 866 2331 addidi),
891 2255 930 2315 ἵν’
956 2250 973 2330 ᾖ
997 2255 1137 2330 βουκόμος

122 2329 158 2392 ὡς
177 2325 333 2397 ἱπποκόμος
351 2330 399 2382 καί
417 2329 489 2383 κατὰ
506 2330 614 2399 τροπὴν
627 2330 769 2402 βουκόλος.
842 2341 857 2383 σ
876 2330 932 2384 sch.
948 2331 1000 2382 AB
1015 2329 1100 2382 3474

122 2400 165 2454 Et.
180 2399 260 2453 Voss.
274 2399 327 2468 (Et.
343 2400 379 2453 M.
395 2404 459 2467 208,
477 2407 508 2454 17
520 2401 606 2471 κάτιδε
630 2399 778 2473 βουκόλιον
800 2397 832 2456 τδ
850 2409 906 2455 τῶν
925 2402 999 2472 βοῶν
1017 2402 1136 2468 πλῆθος,

122 2471 159 2534 ὡς
177 2472 226 2525 καὶ
245 2469 375 2526 αἰπόλιον
392 2470 424 2525 τδ
447 2479 503 2527 τῶν
526 2474 615 2542 αίγῶν
637 2473 686 2526 καί
708 2471 841 2540 ποίμνιον
862 2468 894 2524 τδ
912 2479 969 2524 τῶν
986 2468 1137 2539 προβάτων

122 2542 171 2596 καί
194 2541 325 2613 συβόσιον
347 2542 378 2596 τὸ
401 2550 457 2598 τῶν
477 2541 580 2613 χοίρων
598 2544 646 2597 καί
665 2540 855 2664 ῖπποφόρβιον
872 2537 904 2594 τὸ
923 2548 979 2594 τῶν
997 2537 1099 2594 ἵππων.

122 2623 147 2665 11
167 2612 238 2667 Prol.
258 2613 288 2666 in
302 2613 416 2668 Hesiod.
432 2619 457 2678 5,
473 2619 559 2667 8-21
581 2613 710 2668 Gaisford
729 2616 772 2680 (ex
802 2611 871 2665 ibris
889 2626 943 2665 rec.
962 2610 1050 2664 Paris.
1065 2616 1136 2666 2760

122 2687 151 2737 ολ
170 2685 249 2754 2833)
321 2684 355 2739 ef.
374 2685 416 2740 Jo.
436 2685 543 2753 Kayser
561 2686 605 2740 De
626 2691 743 2739 veterum
764 2689 823 2738 arte
837 2684 946 2752 poetica
964 2689 1065 2752 ρυατεί.
1080 2685 1136 2751 sel„

122 2757 199 2810 Βῖεο.
212 2757 259 2825 γλ.
273 2756 351 2824 Ιπμε.
368 2760 449 2824 1906,
465 2761 500 2811 10
507 2773 563 2824 sqq.

193 2890 205 2932 1
225 2880 372 2949 εἰλήφασιν
386 2880 475 2932 EbAT
520 2879 599 2951 <ὡς>
615 2879 679 2934 add.
696 2879 763 2933 call.
836 2878 1137 2950 ελέγουτοιι-είρηται

122 2958 158 3004 K:
173 2949 424 3020 εἴρηται-λέγεται
437 2951 503 3005 συλλ.
565 2948 643 3013 στάς
656 2947 726 3021 βόας
739 2951 783 3004 bis
798 2950 879 3005 call.:
898 2952 964 3014 τούς
978 2952 1003 3022 β.
1019 2949 1099 3004 codd.

123 3021 228 3076 κέλλειν
249 3023 298 3076 καί
321 3021 420 3076 addidi
518 3032 533 3073 4
551 3021 678 3076 κολούειν
696 3021 838 3076 Meinoke:
863 3023 980 3077 κωλύειν
1001 3021 1081 3076 codd.

123 3091 140 3161 ἢ
159 3101 215 3147 τῶν
233 3094 307 3164 βοῶν
326 3108 401 3162 seqq.
417 3108 471 3146 om.
486 3097 536 3144 ΚΔ
590 3101 685 3161 κορεῑν
704 3093 785 3148 codd.
790 3135 799 3161 ‚
817 3093 925 3148 correxi
997 3103 1011 3146 8
1030 3091 1137 3159 ἀπορία

123 3167 152 3216 et
169 3163 246 3226 λύσις
263 3164 293 3216 in
311 3179 399 3234 marg.
413 3168 461 3215 Δτ
533 3163 731 3235 ἐπεγράφησαν
750 3165 843 3234 priore
858 3164 923 3228 ΙΙοοο
942 3163 1032 3218 ecod.
1047 3162 1136 3218 Gene-

123 3235 209 3301 τεοεί,
227 3234 381 3304 posteriore
400 3250 416 3288 ο
434 3233 505 3288 coni.
525 3235 638 3304 scripsit
655 3237 764 3290 Ahrens
825 3234 917 3292 καίτοι
935 3235 1135 3289 Wilamowitz:

123 3305 201 3360 ούτοι
220 3306 300 3360 codd.
381 3306 568 3361 θαίπολικῶν
586 3306 668 3362 Gau:
688 3309 861 3379 βουκολικῶν
879 3307 959 3362 codd.
1037 3316 1067 3359 10
1085 3306 1136 3360 διτ-

124 3376 253 3448 έγραψαν
270 3377 331 3430 m
402 3388 430 3431 ιε
449 3374 556 3448 ποίημα
575 3388 661 3449 μῖγμα
679 3380 748 3445 Μ,
769 3379 803 3433 cf.
818 3379 923 3434 Anecd.
938 3379 1009 3433 Ruta
1029 3375 1137 3446 ποίημα

123 3453 158 3502 A:
178 3457 265 3518 μῖγμα
282 3454 357 3502 ΚΘΡ
437 3459 465 3502 18
484 3450 521 3512 ὡς
539 3451 588 3504 καί
606 3448 702 3522 χάριέν
721 3452 779 3504 ἐστι
796 3456 842 3504 GP
920 3461 948 3503 14
967 3447 1095 3518 φράσεως
1113 3456 1137 3501 K

124 3521 190 3575 ante
209 3537 292 3590 corr„
309 3525 405 3588 Δροςτ.
425 3526 504 3577 Barb.
