2438 3870
447 151 648 219 Prolegomena
665 150 756 204 latina
1065 151 1107 215 21

161 319 214 377 alii
237 339 296 378 non
315 320 445 393 Dianae,
469 319 520 378 sed
538 319 675 393 Apollini
692 319 800 379 Nomio
824 321 1028 379 consecratum
1047 339 1109 379 car-
1129 354 1163 360 —

94 436 161 475 men
180 418 235 476 hoc
254 419 373 493 volunt,
395 437 453 492 quo
472 421 605 493 tempore
624 418 746 476 Admeti
764 417 842 496 regis
861 418 948 493 pavit
967 421 1109 477 armenta.

96 500 147 571 alii
171 515 290 573 rusticis
312 515 485 574 numinibus
509 535 527 574 a
549 515 719 591 pastoribus
739 516 871 575 dicatum
894 517 950 575 hoc
974 520 1110 575 asserunt

96 631 223 687 carmen,
242 615 278 670 ut
296 612 380 686 Pani,
398 613 519 687 Faunis,
538 614 687 689 Nymphis
707 632 740 672 ac
759 613 884 688 Satyris.

69 748 79 784 5
162 724 192 778 et
210 719 259 777 hic
280 723 325 777 est
343 721 433 778 huius
452 720 591 778 carminis
615 721 730 779 titulus.
763 721 895 796 qualitas
916 723 1017 779 autem
1035 721 1108 779 haec
1128 755 1161 762 ·-

96 822 149 892 est,
173 818 289 876 scilicet
311 818 432 876 humilis
456 818 616 877 character.
649 820 709 877 tres
729 819 808 876 enim
826 820 897 877 sunt
916 819 1110 893 characteres,

94 916 215 974 humilis
242 916 357 974 medius
383 916 612 992 grandiloquum
641 934 714 990 quos
738 935 838 976 omnes
862 917 895 973 in
917 917 973 975 hoc
996 917 1110 975 inveni-

95 1032 161 1071 mus
183 1017 280 1088 poeta.
313 1032 384 1070 nam
401 1013 433 1070 in
452 1013 582 1072 Aeneide
601 1014 831 1090 grandiloquum
849 1013 953 1089 habet,
976 1015 1008 1072 in
1028 1033 1110 1091 geor-

76 1174 78 1178 ,
96 1111 169 1188 gicis
183 1111 323 1184 medium,
338 1111 370 1168 in
384 1110 526 1170 bucolicis
540 1112 685 1169 humilem
698 1131 752 1187 pro
763 1112 911 1188 qualitate
921 1111 1111 1189 negotiorum

56 1213 126 1274 1oet
144 1228 350 1284 personarum,
370 1228 440 1266 nam
458 1228 601 1284 personae
621 1210 670 1268 hic
683 1212 812 1269 rusticae
827 1213 898 1268 sunt
916 1210 1111 1285 simplicitate

96 1307 269 1384 gaudentes
289 1325 306 1364 a
326 1307 434 1382 quibus
453 1307 528 1365 nihil
547 1307 643 1365 altum
662 1308 749 1367 debet
766 1308 888 1384 requiri.

164 1413 322 1471 adhibetur
354 1415 453 1472 autem
486 1414 523 1472 ad
554 1433 672 1473 carmen
700 1414 882 1488 bucolicum,
915 1414 995 1491 quod
1023 1413 1112 1473 debet
1131 1438 1163 1445 -

97 1513 204 1585 quarto
231 1511 306 1585 pede
334 1511 494 1569 terminare
522 1515 640 1587 partem
669 1513 819 1571 orationis.
858 1513 910 1587 qui
938 1529 990 1587 pes
1019 1514 1044 1570 si
1072 1514 1112 1570 sit

97 1609 244 1683 dactylus,
263 1610 415 1668 meliorem
434 1610 526 1668 efficit
544 1608 663 1669 versu'm
681 1613 717 1668 ut
731 1602 761 1692 (I
777 1603 809 1690 3)
827 1605 891 1668 ‘nos
905 1611 1023 1687 patriae
1037 1609 1110 1669 fines

57 1731 82 1771 15
98 1711 127 1764 et
146 1703 264 1766 dulcia’.
297 1708 410 1783 primus
431 1711 522 1766 etiam
540 1727 591 1782 pes
611 1707 772 1768 secundum
788 1708 941 1767 Donatum
960 1710 990 1766 et
1008 1707 1111 1783 dacty-

96 1805 142 1862 lus
158 1824 219 1864 esse
234 1805 321 1863 debet
336 1809 365 1864 et
379 1807 538 1863 terminare
553 1810 669 1882 partem
684 1805 828 1865 orationis
842 1807 877 1864 ut
887 1798 917 1886 (I
929 1797 962 1882 1)
974 1800 1110 1879 ‘Tityre'.

97 1922 186 1977 quam
205 1903 302 1981 legem
317 1904 491 1962 Theocritus
511 1904 700 1962 vehementer
715 1904 861 1978 observat,
880 1902 1032 1978 Vergilius
1052 1921 1112 1961 non

98 2000 185 2075 ade03
208 2000 258 2059 ille
278 2002 356 2058 enim
375 2003 406 2058 in
425 2001 528 2075 paucis
547 2002 681 2061 versibus
701 2001 738 2059 ab
758 2002 816 2059 ista
834 2001 950 2058 ratione
969 1999 1110 2075 deviavit,

97 2099 145 2156 hie
165 2117 230 2155 eam
248 2099 279 2155 in
298 2100 401 2172 paucis
420 2101 538 2156 secutus
558 2101 610 2156 est.

57 2239 83 2276 ro
167 2215 217 2285 29,
233 2214 373 2286 18—30,
390 2215 421 2270 1':
440 2213 577 2270 novimus
593 2216 692 2270 autem
706 2215 766 2271 tres
781 2212 965 2271 characteres
980 2213 1033 2272 hos
1049 2231 1111 2272 esse
1127 2217 1142 2258 ⁰

99 2308 228 2367 dicendi:
257 2329 362 2383 unum,
390 2309 421 2366 in
445 2328 503 2384 quo
526 2311 644 2367 tantum
667 2312 756 2384 poeta
778 2309 925 2385 loquitur,
952 2312 988 2369 ut
1012 2313 1057 2370 est
1079 2312 1112 2369 in

98 2406 193 2464 tribus
204 2406 287 2464 libris
298 2409 515 2485 georgicorum
531 2408 624 2466 aliurn
635 2397 840 2482 dramaticum,
850 2408 881 2465 in
892 2427 950 2483 quo
961 2427 1111 2484 nusquam

99 2507 187 2579 poeta
209 2505 352 2580 loquitur,
376 2507 411 2563 ut
435 2507 534 2564 estin
557 2505 717 2564 comoediis
737 2508 767 2564 et
789 2505 965 2582 tragoediis3
988 2508 1112 2565 tertium

98 2605 232 2677 mixtum,
251 2606 287 2661 ut
306 2606 394 2662 estin
408 2603 552 2677 Aeneide3
571 2623 642 2662 nam
657 2606 687 2662 et
700 2606 789 2678 poeta
803 2603 866 2662 illic
880 2606 910 2662 et
923 2603 1112 2662 introductae

59 2727 83 2764 rs
99 2719 241 2776 personae
264 2703 437 2776 loquuntur.
474 2703 528 2760 hos
552 2705 654 2760 autem
673 2720 774 2760 omnes
796 2701 980 2760 characteres
1003 2703 1036 2760 in
1059 2685 1112 2759 bu-

100 2800 192 2858 colico
206 2818 267 2858 esse
278 2800 416 2859 convenit
426 2802 565 2874 carmine,
580 2801 656 2858 siout
666 2799 742 2858 liber
752 2801 843 2857 etiam
852 2801 909 2857 iste
919 2798 1111 2858 demonstrat.

522 3012 688 3072 Isidorus

165 3128 365 3204 mynias,
382 3130 435 3186 16:
463 3128 650 3202 Bucolicum,
679 3127 711 3185 id
739 3131 784 3187 est
806 3127 957 3203 pastorale
983 3145 1110 3202 carmen,
1125 3139 1157 3180 aa

98 3226 231 3302 plerique
256 3225 411 3302 Syracusis
436 3228 566 3301 primum
592 3227 789 3301 compositum
813 3244 831 3283 a
854 3226 1024 3301 pastoribus
1048 3227 1111 3300 opi·

58 3348 84 3386 ao
98 3327 216 3398 nantur,
231 3325 369 3382 nonnulli
383 3324 611 3384 Lacedaemone.
639 3343 709 3381 nam
723 3325 897 3382 transeunte
910 3324 943 3381 in
957 3320 1112 3380 Graeciam

99 3417 272 3502 (Thraciam
288 3423 364 3490 libri,
384 3424 495 3481 correct
509 3440 523 3481 c
537 3413 737 3500 Philorppra'o)
751 3421 846 3479 Xerxe
861 3439 930 3496 rege
945 3419 1112 3493 Persarum,

98 3538 165 3577 cum
184 3519 349 3593 Spartanae
372 3519 500 3596 virgines
525 3519 579 3577 sub
603 3518 707 3577 hostili
730 3521 811 3576 metu
829 3536 925 3592 neque
944 3516 1046 3593 egredi
1064 3535 1112 3573 ur-
