2446 3870
458 109 571 164 Scholia
589 109 602 162 I
618 110 744 164 1d-1f.
1064 111 1106 175 25

91 283 196 353 πίτυος
220 279 393 357 ψιθύρισμα
418 277 533 356 ἐκείνης
558 287 611 356 τῆς
636 276 716 358 καρὰ
737 273 741 357 Ι
761 284 825 350 ταῖς
850 284 959 358 πηγαῖς
981 283 1214 359 λιμυρῶςκῦελτ

92 375 237 464 ᾀδούσης·
258 373 317 455 ἡδύ
337 374 437 437 δὲκαὶ
456 376 503 452 σύ,
522 369 545 435 ὦ
565 376 675 452 αίιιύλε,
694 377 827 456 συρίζεις.

160 507 183 544 e.
210 482 451 563 ψιθύρισμαι
479 484 675 565 ψιθυρίζουσι
702 482 757 565 γὰρ
786 485 820 543 αί
843 485 929 556 πίτυς
956 485 1030 564 πρὸς
1055 485 1155 559 τὰςετ

92 583 187 655 πνοὰς
205 592 264 642 τῶν
283 579 401 660 ἀνίμων
420 581 592 661 σχιζόμεναι.
621 581 793 662 ψιθύρισμα
813 579 844 642 δὲ
862 579 882 660 ἢ
901 581 933 643 τὸ
950 581 1108 663 μίλισμαῆ

65 700 77 739 ε
93 682 124 743 τὸ
144 683 271 761 σύριγμα
290 677 309 756 ἢ
328 679 360 739 τὸ
380 689 503 759 κροῦμα.

165 775 212 860 [f.]
232 779 382 858 ψιθυρί
387 780 465 850 ζειν
488 775 564 851 τινὲς
587 775 870 856 ὀνοματοποιεῖσθαί
888 796 994 858 φασιν,
1018 777 1058 852 ὡς
1076 779 1133 842 τὸκ

94 874 185 957 ’κρίκε
201 874 232 939 δὲ
251 871 354 957 ζυμόν’
374 869 423 958 (Π
435 870 514 956 470)
534 874 634 937 καὶτὸ
654 871 724 947 εσίζε
743 873 775 936 δὲ
794 873 963 955 ὄφθαλμός’
979 871 1004 959 (ι
1020 872 1108 960 394).

92 977 202 1058 κυρίως
217 972 248 1035 δὲ
263 973 312 1035 ἐπὶ
321 983 380 1034 τῶν
389 971 585 1051 ψευδομένων
595 973 627 1034 τὸ
637 974 809 1054 ψιθυρίζειν
819 975 1029 1054 λαμβάνουσιν.
1050 976 1109 1036 ἔστι

92 1075 148 1156 γὰρ
168 1074 269 1152 ψίθυρ
289 1073 424 1151 ψίθυρος
445 1069 485 1144 ὡς
504 1071 615 1152 μύρτυρ
635 1071 782 1152 μάρτυρος
800 1071 848 1133 καὶ
863 1073 998 1153 ψίθυρος
1012 1075 1109 1148 ψιθύ-

54 1199 79 1237 ιο
94 1195 148 1254 ρου
172 1170 213 1244 ὡς
234 1171 381 1250 μάρτυρος
401 1170 563 1250 μαρτύρου·
587 1170 618 1231 τὸ
638 1166 670 1230 bb
688 1171 788 1252 ψίθυρ
807 1170 886 1249 παρὰ
904 1172 937 1232 τὸ
955 1172 1074 1250 ψύθος,
1092 1169 1108 1231 b

94 1270 232 1348 σημαίνει
256 1268 311 1345 τὴν
334 1269 500 1348 λοιδορίαν,
523 1265 543 1346 bb
566 1267 647 1347 παρὰ
669 1269 701 1330 τὸ
724 1270 786 1346 ψίω
807 1268 839 1329 τὸ
858 1270 990 1331 λεπτύνω
1008 1268 1108 1332 καὶτὸ

93 1369 187 1447 θύρα·
209 1366 344 1444 σημαίνει
364 1363 395 1426 bb
414 1365 449 1425 rb
468 1367 547 1446 χείλη
565 1376 807 1448 κεριφρασιικῶς.
839 1367 871 1428 τὸ
886 1364 918 1427 δὲ
932 1368 1036 1445 ψύθος
1050 1366 1108 1428 ἀπὸ

93 1483 147 1534 τοῦ
166 1474 279 1549 ψεῦδος
298 1472 432 1557 ἀποβολῇ
451 1483 504 1533 τού
522 1471 604 1534 ἓκαί
623 1484 716 1558 τροτιη
735 1483 789 1534 τοῦ
808 1455 881 1546 θείς
895 1454 929 1551 θ,
947 1474 1047 1549 ψύθος
1060 1473 1108 1534 καί

94 1574 207 1647 ψύθος.
240 1572 350 1652 γίνεται
370 1567 401 1631 bb
420 1570 520 1632 καὶτὸ
539 1573 602 1648 ψίω
621 1570 679 1632 ἀπὸ
698 1581 750 1633 τοῦ
769 1581 820 1649 ψῶ
833 1569 853 1651 ἢ
868 1571 926 1634 οάιὸ
941 1582 993 1633 τοῦ
1008 1573 1109 1652 ψαύω,

54 1694 79 1735 ιι
94 1665 149 1747 ἀφ’
175 1663 211 1730 οὗ
234 1668 309 1744 ψιίις
333 1665 351 1747 ἡ
376 1669 448 1729 κατὰ
472 1670 577 1731 λεπτὸν
595 1679 648 1731 τοῦ
667 1670 775 1743 ύὸατος
793 1669 923 1747 ἔκδυσις,
947 1668 987 1743 ὡς
1004 1671 1110 1747 λάμιιω

94 1768 220 1847 λαμκοίς,
235 1768 304 1828 ίλλω
320 1767 412 1840 ίλλοίς·
423 1763 555 1847 Ὅμηρος
570 1761 621 1850 (N
630 1761 722 1849 5723
739 1764 863 1828 ἰ’λλοίσιν
878 1765 1108 1829 ούκέθίλοντα’·

95 1866 127 1926 οἱ
142 1863 174 1926 δὲ
192 1865 272 1944 παρὰ
290 1865 323 1926 rb
342 1866 423 1938 ψίσω
442 1865 474 1926 rb
493 1866 611 1925 ποτίσω.

169 2013 184 2053 σ
201 2001 245 2056 Et.
262 2001 330 2056 Gen.
346 2001 406 2054 cod.
421 2000 444 2052 Β
459 2001 513 2069 (Et.
525 2000 596 2054 Gud.
613 2007 673 2066 574,
689 2006 721 2053 13
738 2001 840 2069 θύσεως
859 1997 1021 2068 ψιθυρίζειυ
1037 2001 1110 2062 τινὲς

98 2069 367 2142 ὀνοματοποιεῖσθαί
386 2088 474 2139 φασιν
494 2072 530 2134 ὡς
548 2069 579 2125 rb
601 2069 689 2137 ‘nolus
709 2071 740 2124 bb
759 2069 878 2139 (κέκρικε
895 2068 946 2125 τὸν
964 2071 997 2140 Β)
1014 2069 1108 2141 ζυμύυ’

97 2145 147 2197 καλ
171 2144 202 2197 rb
228 2141 311 2206 ‘algu
336 2139 485 2210 ὀφθαλμός
508 2142 580 2210 (-ούς
598 2142 657 2209 Β)’.
717 2141 762 2194 Et.
778 2141 849 2196 Gud.
868 2142 946 2196 adda
970 2141 1039 2197 ὅθεν
1063 2163 1110 2196 κυ-

99 2212 165 2280 ρίως
184 2213 230 2266 ἐπὶ
247 2222 303 2266 τῶν
321 2211 506 2282 ψευδομένων
525 2212 556 2266 rb
571 2210 733 2281 ψιθυρίζειυ
748 2212 937 2284 λαμβάνουσιν
951 2213 1110 2284 ἐγκειμένου

98 2294 147 2339 τοῦ
169 2283 290 2352 ψύθους.
322 2281 498 2352 Καλλίμαχος
516 2283 594 2353 (fgm.
611 2289 662 2338 184
677 2283 837 2351 Schneider,
852 2285 878 2338 Π
891 2287 966 2353 440)·
987 2286 1111 2340 εΣκύλλα

98 2355 169 2425 γυνὴ
185 2354 348 2409 κατοίκασσα
363 2355 411 2407 καί
426 2355 460 2408 ού
473 2354 570 2418 ψύθος
585 2351 683 2424 οὔνομ’
701 2355 822 2427 ἔχοντα’
869 2355 912 2411 Et.
921 2357 958 2411 M.
966 2361 1028 2424 818,
1036 2363 1069 2410 66

98 2426 176 2480 snt.
191 2426 258 2480 Gen.
275 2426 334 2480 eod.
355 2425 377 2478 B
397 2425 452 2494 (Et.
467 2425 538 2480 Gud.
554 2431 618 2494 574,
634 2432 668 2480 13
688 2426 790 2495 Sturz):
817 2425 911 2496 ψίθυρ
934 2426 1041 2498 λέγεται
1061 2430 1110 2483 καί

97 2496 238 2568 ψίθυρος,
266 2495 328 2552 οίου
352 2495 447 2566 ψίθυρ
472 2494 599 2566 ψίθυρος
624 2499 673 2551 καί
697 2498 826 2566 ψιθύρου
852 2499 888 2560 ὡς
913 2498 1018 2567 μάρτυς
1042 2499 1111 2568 μάρ-

97 2590 180 2637 τυρος
202 2569 251 2623 καί
275 2569 424 2639 μαρτύρου.
456 2566 488 2623 rb
513 2568 544 2624 bb
566 2568 661 2639 ψίθυρ
685 2568 764 2637 παρὰ
781 2567 812 2624 rb
831 2570 930 2639 ψύθος
947 2568 964 2638 ἢ
982 2570 1061 2638 παρὰ
1078 2569 1110 2626 rb

96 2638 154 2711 ψίω
180 2640 211 2695 rb
238 2640 362 2695 λεκτύυω
388 2641 435 2694 καλ
461 2637 493 2705 τὸ
517 2643 577 2709 (τοῦ
595 2640 629 2711 Β)
651 2640 742 2708 θύρα·
772 2639 900 2710 σημαίνει
924 2641 955 2696 bb
977 2641 1013 2695 rb
1034 2639 1110 2711 χείλη

96 2715 326 2781 περιφραστικῶς.
382 2711 425 2765 Et.
441 2711 478 2766 M.
494 2717 555 2778 818,
570 2717 604 2765 63
703 2723 731 2765 18
750 2712 795 2766 Et.
809 2714 846 2766 M.
862 2717 927 2779 819,
944 2719 989 2767 18ι
1013 2714 1111 2782 ψύθος

96 2801 127 2926 3
142 2804 267 2926 3333
286 2801 834 2942 ‘333‘333303323333
848 2788 1102 2938 λεύκαις

98 2942 141 2998 ὅτι
164 2944 196 2999 rb
219 2953 266 3012 ψῶ
291 2945 348 2998 ἐστι
371 2942 446 3014 ῥῆμα
482 2942 553 2999 ὅθεν
571 2945 602 2998 rb
621 2916 765 3012 κύιταψᾶυ,
783 2946 831 2998 καί
849 2943 922 2998 κατὰ
939 2916 1111 3014 παραγωγὴν,

97 3015 181 3086 ψαύω
200 3016 249 3069 καί
268 3011 335 3084 ψίω,
354 3013 407 3084 ἀφ’
429 3035 461 3069 ου
481 3014 552 3084 ψιὰς
569 3015 587 3084 ἡ
607 3015 680 3070 κατὰ
698 3015 797 3070 λεκτὸν
813 3024 862 3070 τοῦ
876 3014 981 3078 ύδατος
994 3015 1110 3082 ἔκθοσις,

97 3087 134 3150 ὡς
151 3085 250 3155 λαίμτιω
269 3086 391 3155 λαμτιοίς,
416 3084 478 3140 ίλλω
498 3085 585 3148 ίλλοίς·
611 3086 730 3141 ’ίλλοίσιυ
749 3088 800 3142 obn
820 3087 975 3142 ἐθέλουτα’,
1007 3084 1110 3157 τὸγὰρ

97 3155 155 3226 ψίυ
180 3156 309 3227 σημαίνει
332 3155 363 3213 rb
388 3159 538 3213 ἐλαττοῢυ.’
560 3157 588 3213 οί
612 3157 643 3212 bb
664 3157 743 3226 παρὰ
765 3159 796 3212 rb
820 3155 894 3228 ψίσω
913 3155 944 3213 rb
963 3156 1074 3213 τιοτίσω.

96 3227 141 3283 Et.
156 3228 193 3281 M.
209 3234 270 3295 818,
285 3233 319 3282 ιι
375 3228 420 3283 Et.
436 3228 482 3282 01.
498 3234 557 3294 τοι,
573 3235 619 3296 οι;
641 3235 701 3296 168,
716 3235 750 3283 ιο

168 3373 181 3415 1
201 3359 310 3432 ἐκείνης
327 3371 376 3432 τῆς
394 3370 430 3416 K:
449 3364 498 3416 καί
517 3360 625 3432 ἐκείνης
644 3366 709 3418 cett.
800 3374 813 3416 υ
834 3361 950 3431 συρίζεις
967 3362 1110 3417 Duebner:

96 3431 257 3503 ψιθυρίζεις
271 3433 353 3488 codd.
427 3445 439 3486 σ
460 3431 511 3499 σίζ’
528 3431 677 3504 ὀφθαλμός
686 3434 766 3488 Hom.
839 3443 865 3486 11
884 3431 915 3488 rb
929 3433 1007 3501 θύρα
1021 3432 1111 3503 Toup,

98 3504 133 3560 cf.
147 3503 191 3557 Et.
208 3503 293 3560 Gud.:
312 3513 361 3562 τοῦ
380 3505 459 3574 θύρα
478 3504 538 3558 cod.
