2438 3870
386 131 499 186 Soholia
516 131 578 186 186
587 131 744 203 2-92s930
1031 130 1073 197 61

58 298 109 361 καί
123 295 142 377 ἡ
157 299 247 377 αἰτία,
266 297 310 360 ότι
323 297 572 380 κατωφερέστεραι
586 290 674 360 οἰισαι
687 299 721 358 αἱ
732 290 812 378 αόγες
827 297 991 371 δελεάζοοσι
1005 297 1075 371 τοὺς
1150 337 1152 340 -

62 395 213 469 αἰπόλους.

127 495 154 555 b.
179 494 310 573 βοότας
330 491 392 574 μὲν
411 492 542 576 ἰλίγενι
565 493 707 574 παροιμία
720 501 806 554 τοῦτο
820 490 869 554 ἐπί
883 501 942 552 τῶν
955 489 1141 574 ἡσύχωνελτ

60 589 114 672 μὲν
132 601 250 673 πρῶτον
268 591 318 652 καί
337 588 464 672 ἡμέραν,
483 591 580 654 ἔπειτα
599 588 631 651 δὲ
650 590 768 674 ἀγρίων.
798 592 830 651 οί
845 590 900 671 γὰρ
919 590 987 671 βόες
1005 591 1075 670 ἥμε-

31 691 110 770 ιροί
126 689 213 750 εἰσιν
233 688 292 751 ἀπὸ
311 699 385 770 γοῦν
400 699 458 751 τῶν
473 687 663 770 βοσκομένων
677 687 727 750 καὶ
745 690 777 750 οἵ
792 689 948 769 βόσκοντες
966 688 1075 764 αὐτοὺς

59 797 187 849 τοιοῦτοι
209 785 351 868 λέγονται.
388 789 422 849 αἰ
445 785 476 849 δὲ
502 782 582 867 αἶγες
607 784 720 867 όίγριαι,
748 785 880 867 παρόσον
902 785 952 846 καλ
975 787 1017 861 εἰς
1039 787 1075 848 τὰ

60 884 165 964 ὑψηλὰ
187 895 246 946 τῶν
270 883 348 964 ὀρῶν
371 884 421 946 καὶ
439 887 481 958 εἰς
503 885 688 966 κρημνώδεις
710 883 820 956 τόπους
841 882 991 963 νέμονται·
1015 883 1073 946 ἰιπό

59 983 172 1044 τούτων
192 980 223 1044 δὲ
242 982 292 1043 καὶ
311 984 343 1044 οἱ
358 983 474 1044 αἰπόλοι
493 991 619 1044 τοιοῦτοι
639 980 780 1063 λέγονται.

128 1101 178 1160 87.
203 1092 353 1183 ᾠπόλοςι
378 1091 491 1182 ᾠπόλος
514 1096 580 1158 ἀντὶ
598 1107 651 1158 τοῦ
671 1094 686 1157 6
706 1097 834 1169 αἰπόλος.
871 1097 983 1177 γίνεται
1001 1097 1100 1161 κατὰκ

17 1216 44 1257 ιο
59 1196 174 1280 τροπὴν
193 1206 245 1257 τοῦ
265 1202 281 1257 6
301 1194 388 1256 κολα
412 1197 454 1268 εἰς
473 1202 495 1254 6
517 1193 628 1276 μέγαίγ
653 1199 763 1273 μᾶλλον
781 1194 813 1256 ἐν
837 1193 1001 1273 σοναιρέσει
1021 1205 1073 1257 τοῦ

58 1295 176 1367 ὀᾶεἰς
195 1301 218 1354 ῶ
238 1292 311 1375 μέγα
330 1291 455 1367 ὡπόλος·
475 1293 507 1356 τὸ
527 1291 559 1355 δὲ
577 1292 594 1352 ἶ
613 1289 898 1373 προσγεγραμμένον.
934 1287 968 1373 [ἢ
987 1293 1073 1356 αἰπό-
1102 1355 1106 1362 ,

58 1399 109 1467 λος
127 1389 265 1474 ἰοπόλος]

128 1512 254 1588 92ί93ο.
274 1506 339 1581 τὼς
358 1504 386 1568 6'
403 1505 523 1570 οόόίνι
542 1507 636 1579 οὕτως
655 1505 797 1567 εἰπόντων
811 1503 900 1566 οὐδέν
913 1528 941 1566 τι
954 1504 1073 1585 ἀπεκρί-

59 1628 130 1666 νατο
150 1604 165 1666 6
185 1607 315 1683 Δάφνις,
334 1601 396 1667 ἀλλ’
413 1605 532 1668 ἐσιώπα.

17 1721 43 1761 ιι
124 1704 151 1764 b.
180 1702 245 1776 τὼς
272 1699 303 1764 6’
325 1701 433 1765 οὐδὲν
461 1695 668 1775 ποτελέξαθ’
692 1698 708 1760 6
736 1700 908 1780 βωκόλοςι
939 1702 1119 1781 τούτους,ιῐ

58 1801 196 1873 οίίστινας
218 1799 339 1862 ἄνωθεν
361 1802 496 1880 εἴπομεν,
525 1799 591 1879 ἤτοι
613 1799 683 1872 τοὺς
706 1798 815 1878 βοότας
838 1798 908 1871 τοὺς
930 1797 1072 1878 ποιμένας

56 1898 126 1972 τοὺς
144 1899 286 1973 αἰπόλους
304 1899 356 1960 τὸν
370 1900 510 1981 Πρίαπον
523 1897 575 1958 καὶ
593 1897 662 1970 τοὺς
681 1896 813 1976 λοιπούς,
832 1895 921 1958 οὐδέν
935 1920 962 1957 τι
979 1915 1071 1979 προσ-

57 1994 222 2077 εφθέγξατο
241 1995 257 2059 6
276 1995 430 2076 βουκόλος,
448 1994 514 2075 ἤτοι
533 1993 549 2055 6
568 1995 695 2072 Δάφνις.

123 2115 147 2156 ο.
170 2094 299 2173 πικρὸν
318 2093 439 2176 ἔρωτας
458 2092 530 2154 ἀλλὰ
548 2093 600 2156 τὸν
619 2093 711 2154 αὐτοῦ
729 2091 821 2172 ἔρωτα
839 2090 972 2172 ἐπέραινε
988 2092 1038 2152 καλ
1058 2105 1178 2152 mm

15 2209 43 2249 ιο
57 2191 161 2269 ὃιήνυε
181 2189 262 2269 μέχρι
279 2189 329 2250 καλ
346 2200 398 2269 τῆς
417 2192 530 2272 μοίρας.

128 2369 143 2411 ε
161 2359 249 2412 Mant.
264 2376 339 2429 prov.
353 2359 366 2412 I
380 2367 413 2414 3⁵1
486 2374 501 2413 ο
521 2361 621 2430 Georg.
635 2360 730 2415 Ohoer.
746 2361 783 2414 ad
798 2360 902 2415 Theod.
912 2361 992 2416 Alex.
1003 2360 1068 2417 Can.

57 2435 145 2497 324‚4
159 2429 290 2500 Hilgard:
310 2439 407 2498 κρᾶσις
425 2432 457 2488 δὲ
473 2434 521 2487 καί
536 2431 701 2500 ονναίρεσις,
720 2429 782 2487 ολον
798 2431 812 2487 6
828 2429 943 2495 αἰπόλος
956 2429 1070 2505 ᾡπόλος,

57 2509 187 2568 κιρνᾶται
209 2501 262 2572 γὰρ
285 2503 317 2558 τὸ
336 2507 353 2558 6
375 2505 425 2558 καλ
444 2510 463 2557 6
481 2505 521 2566 είς
538 2510 561 2557 6
580 2505 628 2558 καλ
647 2513 819 2571 σοναιρεϊται
839 2499 868 2557 τό
888 2508 909 2556 6
928 2524 977 2557 και
995 2509 1012 2558 ῖ
1030 2504 1071 2566 εἰς

55 2571 107 2642 τὴν
126 2582 147 2646 γ’)
166 2571 334 2643 δίφθογγον.
406 2575 451 2629 Et.
465 2575 502 2629 M.
519 2580 579 2642 822,
594 2581 628 2628 53
646 2574 691 2643 (cf.
708 2573 799 2644 Gen.):
819 2571 927 2644 ᾡπόλος
944 2576 1001 2628 ἀπὸ
1019 2584 1070 2630 τοῦ

56 2642 72 2699 6
95 2640 211 2706 αἰπόλος
233 2645 339 2714 γίνεται
361 2645 435 2699 κατὰ
457 2655 557 2713 κρᾶσιν
579 2655 629 2701 τοῦ
648 2651 666 2702 6
683 2646 732 2700 καλ
752 2651 771 2699 6
790 2647 829 2708 εἰς
846 2642 877 2700 τὸ
896 2652 919 2698 6
937 2647 986 2700 καλ
1005 2662 1069 2700 σον-

55 2715 161 2782 αιρόσιι
178 2715 262 2770 πόλιν
281 2726 330 2771 τοῦ
349 2723 371 2770 6
390 2717 439 2770 καλ
456 2722 474 2770 ῖ
493 2717 533 2779 εἰς
550 2718 601 2787 τὴν
619 2724 656 2772 οῖι
674 2715 843 2787 δίφθογγον.
947 2727 975 2769 18
994 2717 1068 2770 Serv.

56 2789 129 2842 auct.
144 2786 227 2856 Verg.
242 2787 309 2841 Buc.
324 2788 349 2841 X
364 2793 413 2842 31:
433 2787 543 2842 videtur
559 2805 651 2858 neque
670 2787 880 2857 obiurgationes
898 2802 989 2855 neque
1003 2804 1069 2842 con-

55 2857 208 2912 solationes
219 2857 349 2980 drecipere
368 2858 508 2913 obstinate
527 2860 690 2927 moriturum
710 2858 782 2912 nihil
799 2859 875 2912 enim
893 2857 930 2910 ad
944 2859 1019 2912 dieta
1033 2859 1068 2912 ab

55 2929 96 2983 eis
114 2945 217 2998 respon
238 2929 270 2982 it.

125 3089 206 3142 1καί
224 3084 369 3157 ἡ-οόσαι
387 3096 422 3143 1:
447 3089 545 3160 ἐπάγει
567 3091 598 3146 δὲ
621 3091 672 3160 τὴν
691 3088 799 3157 αἰτίαν,
826 3086 868 3144 ότι
886 3089 952 3151 ἴσως
970 3091 1032 3142 cett.

54 3172 68 3214 ι
86 3159 223 3229 ποιμένας
238 3167 262 3211 K
337 3171 353 3212 ο
371 3159 389 3213 Ι.
405 3158 509 3216 ὡπόλοι
522 3162 552 3216 in
567 3162 641 3227 cod.‚
661 3178 728 3215 corr.
745 3160 813 3215 eall.
888 3171 914 3214 11
934 3165 979 3216 66
998 3161 1067 3224 cod.‚

53 3231 139 3286 tacite
167 3248 237 3285 corr.
258 3230 368 3300 Ziegler
431 3231 529 3286 delevi.
556 3233 666 3301 Ziegler
693 3232 818 3300 scripsst,
843 3236 980 3301 exparte
1004 3249 1068 3286 cum

54 3301 138 3356 ctu:
157 3312 207 3357 τοῦ
222 3303 253 3356 δὲ
266 3306 285 3355 ῖ
297 3302 559 3372 προσγεγραμμένον
576 3303 603 3374 [6
619 3300 744 3374 αἰπόλος]
759 3300 865 3374 ᾡπόλος
936 3313 963 3357 1⁵
982 3303 1000 3356 l.
1014 3303 1068 3364 τὼς

54 3369 84 3426 δ’
112 3371 246 3440 οόδήποτ’
275 3372 384 3438 ἐλέξατο
411 3380 431 3427 Ρ
538 3385 565 3426 11
591 3375 640 3428 καλ
665 3375 730 3436 τοὺς
757 3374 872 3436 λοιποὺς
897 3373 984 3429 doleri
1006 3373 1066 3427 vul*

55 3442 164 3513 Ziogler
183 3443 308 3500 Τλιοοσκ.8
322 3449 378 3499 187
464 3455 492 3498 1⁹
511 3444 581 3500 ἀλλὰ
599 3442 648 3500 τόν
667 3446 753 3499 αὐτοῦ
776 3441 874 3514 (αἰτόν
891 3449 956 3514 ΕΔ,
980 3445 1034 3500 αόι

54 3512 167 3583 Reiske)
186 3513 363 3583 ἰρ-διήναε
381 3521 521 3570 xum:
541 3515 638 3583 ὃιήνοε
655 3513 705 3570 τόν
724 3517 811 3570 αἰτοῦ
830 3514 907 3583 ἔρ.Ρ
