2446 3870
156 129 221 193 110
436 129 548 186 Scholia
566 130 618 185 Vn
632 129 885 203 130s1a1e-188d

88 305 145 350 w
222 317 245 356 e.
269 293 332 356 τδιν
349 295 407 358 ἕπδ
426 298 550 370 Πάξαν
568 289 641 377 ἦρχ’
663 294 762 359 δδόνε
786 297 873 371 Πάξα
892 297 987 377 δῆμος
1004 305 1057 376 τῆς
1074 301 1127 358 Κῶ
1147 294 1167 376 ἣ

153 393 242 466 τόπος
267 394 361 467 οὕτως
385 392 603 474 ὀνομαζόμενος
629 390 678 475 [ἢ]
704 393 784 476 παρδι
809 394 864 472 τὴν
890 395 982 474 φάξιν
1004 404 1057 456 τοῦ
1077 389 1167 477 Ἦρα-

152 489 256 565 κλέους
274 491 329 570 τὴν
347 489 405 554 ὑπὸ
425 501 484 554 τῶν
501 486 597 578 Κῴων
615 490 787 574 γενομένην.

48 632 146 679 ww
225 619 400 706 133J134a.
419 623 556 699 άδείαςι
574 625 686 700 έξαιθεν
705 625 755 687 δεῖ
769 627 1008 708 προσλαμβάνειν
1026 626 1058 688 τδ
1074 648 1167 706 παρα-

153 721 315 803 γενόμενοι.
347 723 396 786 έπλ
421 725 558 804 στιβάδος
582 726 797 804 κατεκλίθημεν
822 722 881 785 άπὸ
905 726 1025 804 σχοίνου
1049 747 1167 806 γεγενη-
1196 749 1208 788 ι

154 817 246 900 μένης
259 821 309 882 καί
327 820 386 884 ἀπὸ
405 823 527 900 φύλλων
545 821 685 902 ἀμπέλου.

48 943 190 991 [ww
223 938 251 999 b.
275 937 510 1021 οίναρέοισιε
528 939 638 1019 κυρίως
655 937 691 1000 τὰ
708 940 807 1017 φύλλα
825 948 877 1018 τῆς
895 936 1036 1017 άμπέλου,

49 1059 147 1105 ΚῦὶΑΤ
224 1074 247 1114 ο.
274 1055 390 1127 Φανίας
414 1049 500 1138 (fgm.
522 1058 561 1116 37
582 1056 708 1115 Mueller
725 1056 809 1130 Fym.
827 1057 893 1116 λλεί.
910 1074 955 1129 qr.
973 1056 1016 1114 II
1031 1048 1112 1136 301)
1137 1052 1169 1115 δέ

154 1169 249 1230 φησιν
268 1152 425 1234 οἰναρίζειν
445 1152 477 1214 τὸ
501 1158 663 1234 περιαιρεῖν
685 1162 744 1214 τῶν
767 1153 896 1233 οἰνάρων
914 1151 964 1213 καί
982 1161 1105 1234 τρυγᾶν·
1126 1152 1174 1212 δεῖ

154 1247 210 1330 γάρ
242 1249 292 1311 καὶ
320 1250 476 1332 οἰναρίζειν
503 1249 555 1323 τὰς
582 1248 749 1330 ἀμπέλους,
782 1249 901 1311 ἐπειδάν
928 1251 1112 1311 πεπαίνωσιν
1141 1249 1172 1309 οἱ
1183 1273 1209 1312 ιο

155 1346 284 1428 βότρυες.

121 1476 151 1530 ¹⁸
228 1477 331 1562 [137]
359 1477 674 1562 <κελαράζεινε>
701 1480 733 1542 τὸ
757 1482 827 1561 μετά
850 1482 982 1543 κελάδων
1004 1481 1059 1560 τὴν
1082 1480 1169 1560 ῥύσιν

155 1585 314 1641 ποιεῖσθαι.

50 1724 149 1772 xum
226 1717 323 1775 138a.
347 1712 401 1774 τοί
424 1711 461 1774 δὲ
483 1711 563 1773 ποτὶ
586 1718 765 1794 σκιαραῖςι
788 1712 875 1772 σκιάν
893 1711 1058 1789 ποιούσαις,
1076 1715 1168 1771 πολυ-
1201 1716 1204 1723 “

155 1812 288 1890 φύλλοις.
328 1808 571 1892 δροδαμνίδας
598 1808 631 1872 δέ
657 1809 767 1882 παντὸς
795 1805 920 1888 δένδρου
945 1809 1015 1881 τοὺς
1039 1809 1168 1882 κλάδους
1184 1832 1208 1872 ιε

156 1908 281 1991 λέγουσι.
314 1908 492 1981 Μουνάτιος
510 1905 543 1968 δὲ
561 1907 734 1989 έτυμολογεῐ
747 1901 824 1968 εοίον
842 1907 874 1967 οί
889 1904 921 1967 έν
940 1904 1020 1986 ὄρεσι
1033 1903 1168 1985 θάμνοί.

156 2009 184 2069 b.
208 2007 425 2079 αίθαλίωνες
447 2003 479 2067 δὲ
502 2006 535 2067 οί
554 2005 733 2080 αἰθαλάδεις
756 2003 805 2066 διὰ
823 2004 855 2065 τδ
874 2004 1018 2065 αἴθεσθαι
1036 2003 1095 2064 ὑπὸ
1115 2012 1168 2064 τοῦ

157 2104 251 2186 ἡλίου,

111 2229 147 2273 ⁰?
225 2242 248 2282 c.
271 2221 324 2282 τοί
348 2219 384 2284 δέ
406 2220 486 2282 ποτί
508 2226 674 2302 σκιαραῖς
697 2217 949 2302 ὄροδαμνίσινε
971 2217 1081 2290 παντὸς
1103 2214 1168 2277 δέν-

158 2320 231 2401 δρου
250 2320 353 2380 κλάδοι
372 2316 564 2398 ὀροδαμνίδες
582 2317 722 2400 λέγονται.
1184 2347 1210 2386 20

51 2448 193 2498 Κυῑλαντ
227 2436 254 2497 d.
283 2435 516 2507 αἰθαλίωνεςε
544 2433 664 2515 τέττιγες
691 2433 771 2516 παρδι
799 2435 831 2496 τὸ
860 2435 1003 2495 α’άθεσθαι
1029 2431 1088 2493 ὑπὸ
1117 2439 1170 2491 τοῦ

156 2532 254 2614 ἡλίου·
279 2531 328 2592 καὶ
347 2531 402 2613 γάρ
421 2531 492 2591 ὅταν
510 2530 570 2592 ἐστὶ
587 2531 674 2604 νότος
691 2531 740 2592 καί
759 2540 873 2610 καῦμα,
896 2531 959 2592 τότε
978 2528 1168 2610 φθέγγονται.

230 2723 242 2765 ε
263 2712 319 2766 sch.
334 2711 396 2765 Nic.
411 2710 488 2764 Alex.
504 2716 537 2764 55
607 2711 663 2765 sch.
678 2711 725 2764 Ar.
740 2711 805 2764 Pac.
821 2715 889 2763 1147
953 2709 1072 2778 Heeych.
1087 2709 1168 2764 Phot.

158 2785 234 2838 Suid.
250 2783 352 2851 οίναρα
406 2782 477 2836 Tim.
492 2782 556 2836 LeX.
571 2781 643 2835 Plat.
658 2781 760 2849 οίναρα
831 2791 859 2833 12
879 2781 935 2835 seh.
950 2780 1001 2834 BT
1017 2784 1041 2834 Φ
1056 2786 1106 2835 261

229 2956 243 2998 2
263 2943 302 3015 [ἢ]
322 2947 398 2998 reete
415 2947 564 3013 praetem.
584 2941 652 2997 Call.
744 2939 981 3011 σκατεκλίθημεν
1000 2940 1082 2996 Galla
1102 2962 1170 3010 -ηαν

158 3025 193 3070 K:
213 3034 298 3085 -ησαν
316 3022 376 3070 ss:
396 3033 464 3084 -ησα
482 3019 515 3069 11:
535 3021 606 3085 ‘²15¹
652 3014 709 3068 άπδ
724 3015 789 3069 ante
804 3010 916 3083 σχοίνου
931 3020 1022 3068 om.K
1083 3013 1169 3081 οάμ·

157 3086 248 3142 πίλων
261 3095 284 3140 K
362 3097 374 3139 ι
393 3085 495 3154 κυρίως
509 3103 560 3140 om.
576 3092 622 3139 GP
697 3096 712 3139 ε
731 3086 765 3139 de
784 3084 907 3139 auctoris
925 3083 1037 3139 nomine
1056 3083 1170 3138 dubitat

157 3159 351 3229 Wilamowitz‚
371 3159 493 3213 conicias
509 3155 632 3225 Ἀμερίας
716 3155 872 3223 οοίνάρων
891 3156 1012 3210 Ahrens:
1033 3153 1170 3221 οίναρέων

158 3229 238 3284 codd.
293 3230 360 3284 inde
383 3246 400 3283 α
423 3231 472 3283 καί
493 3237 599 3298 τρυγᾶν
621 3229 710 3297 ipsius
728 3227 853 3282 Phaniae
872 3227 957 3282 verba
975 3225 1090 3296 agnosci
1110 3224 1170 3279 vult

157 3301 265 3356 Ahrens
337 3312 366 3354 ιο
384 3300 493 3371 λέγουσι
510 3308 545 3354 K:
569 3298 641 3370 λέγει
660 3303 725 3354 cett.
780 3297 944 3363 Μουνάτιος
961 3306 996 3353 K:
1018 3297 1171 3361 Μοάνατος

158 3375 222 3427 cett.
288 3373 460 3443 ἐτυμολογῶν
478 3380 501 3424 K
586 3383 612 3424 17
633 3370 660 3426 οί
679 3371 849 3434 αίθαλάδεις
867 3387 920 3426 om,
935 3377 958 3423 K
1043 3381 1072 3423 λλ
1090 3367 1170 3440 ἡλίου

157 3451 192 3498 K:
212 3445 353 3514 καύματος
369 3446 435 3499 cett.
491 3444 539 3498 καλ
555 3443 608 3513 γάρ
624 3459 699 3511 seqq.
715 3461 767 3498 om.
783 3448 829 3496 01²
882 3438 1028 3497 καλ-τότε
1047 3449 1082 3496 K:
1103 3438 1170 3497 ὅταν

157 3515 209 3585 γὰρ
229 3514 310 3580 νότος
329 3511 412 3583 ἐστίν,
431 3518 533 3585 μᾶλλον
553 3517 617 3569 cett.
