2446 3870
455 112 568 168 Scholia
585 114 767 168 111290-30
1049 113 1112 182 125

97 281 229 362 ἐρυθρὸν
251 277 427 362 <γένηται>,
449 285 609 354 καλοῦντες
632 279 704 343 αύτδ
728 279 832 363 ρύδιον
851 281 1024 360 νομίζουσιν
1042 279 1113 362 ἀχα-

97 385 214 439 πᾶσθαι
236 378 295 440 ὑπὸ
318 388 377 440 τῶν
399 376 569 460 ἐρωμένων,
592 387 646 440 τοῦ
671 378 823 460 χρώματος
841 373 870 438 δ’
891 375 1114 458 ἐμπρησθέντος

100 476 113 498 Ἢ

97 503 117 556 η
136 476 316 550 ἓλκωθέντος
334 481 492 556 μισεῖσθαι.

165 595 192 656 δ.
215 591 461 672 τηλέφιλοντ
485 591 579 671 ῥιζίον
597 615 625 652 τι
642 593 816 672 θαμνῶδες,
834 592 970 654 κάτωθεν
989 590 1021 652 δὲ
1039 590 1216 653 ἀνα-ΜΗ

71 710 83 750 ε
98 693 194 772 βαίνει
216 691 390 771 τρίκλωνον,
412 690 482 764 τοὺς
508 687 540 751 δέ
558 693 674 763 κλῶνας
691 690 748 770 ἐχει
766 691 877 771 δοχμῆς
896 690 1037 769 μείζονας
1049 708 1114 752 σπι·

97 790 250 869 θαμιαίας.
281 788 317 850 τά
335 786 366 849 δὲ
385 789 483 866 φύλλα
502 788 577 850 ἔοικε
597 792 637 872 τῷ
656 785 836 872 σπειρομένφ
856 792 944 874 λωτῷ.
976 787 1067 869 λοβὸν
1081 786 1114 850 δέ

97 887 224 967 ἀφίησιν
241 885 401 966 ἑλικοειδῆ,
423 885 457 948 ἐν
475 875 498 973 ᾧ
517 884 550 947 τδ
571 883 700 966 σπέρμα·
723 878 760 946 οὗ
778 884 984 966 έπιχριομένου
1002 883 1019 946 δ
1037 884 1118 967 χρὼςΙ
1205 923 1206 926 =

97 983 293 1064 ἐξαιμάττεται
319 982 370 1044 καλ
394 985 508 1056 τύπους
533 982 617 1056 τινδις
641 983 792 1062 λαμβάνει.
830 982 867 1044 ού
893 983 987 1062 μόνον
1010 981 1043 1044 δέ
1065 982 1114 1045 ἐπλ

97 1078 149 1156 τὰς
176 1088 273 1163 χεῖρας
299 1081 332 1143 τὸ
356 1080 530 1160 τηλέφιλον,
557 1075 630 1140 ἀλλά
652 1079 701 1142 καλ
725 1079 773 1141 ἐπὶ
797 1081 849 1142 τὸν
873 1074 955 1160 ὦμον
973 1080 1114 1162 τιθέντες,

58 1200 84 1239 ιο
98 1175 164 1241 ἐσθ’
186 1181 232 1240 ὅτε
250 1179 300 1240 καλ
318 1177 366 1239 ἐπὶ
384 1178 436 1240 τὸν
454 1189 565 1259 πῆχυν,
584 1177 783 1260 ἀπεπειρῶντο
802 1188 855 1240 τοῦ
873 1178 990 1258 ψόφου.

166 1318 190 1356 e.
213 1293 420 1373 τηλέφιλονε
442 1293 600 1372 τηλέφιλόν
623 1292 683 1354 έστι
704 1293 737 1355 τὸ
761 1295 875 1371 φύλλον
895 1303 949 1374 τῆς
966 1295 1158 1374 μήκωνος.Ρτ

98 1392 180 1454 ἄλλοι
209 1389 241 1452 δὲ
265 1393 397 1472 βοτάνην
419 1389 520 1472 ἕτέραν
542 1391 678 1473 λέγουσιν
700 1386 832 1453 εἶναιτὸ
855 1391 1021 1471 τηλέφιλον.
1058 1394 1113 1455 εἴτε

100 1488 131 1551 δὲ
150 1499 236 1551 τοῦτο
254 1490 310 1551 εἴτε
329 1488 423 1551 ἐκεῖνό
441 1487 530 1569 ἐστιν,
549 1488 784 1570 ἀναλαμβάνεται
802 1486 883 1572 παρά
900 1499 960 1551 τῶν
978 1489 1114 1571 ἐρώντων

100 1588 132 1649 τὸ
159 1585 331 1666 τηλέφιλον,
357 1585 407 1649 καί
430 1587 630 1667 πληττόμενον
657 1588 684 1649 εί
709 1588 816 1666 ψόφον
843 1587 985 1666 ἀπετέλει,
1013 1588 1113 1650 ἐδίδου

60 1702 85 1743 ιι
99 1685 200 1759 αὐτοῖς
219 1692 428 1765 σημειοῦσθαι,
447 1685 492 1746 ὅτι
506 1683 684 1767 ἀντερῶνται
697 1684 756 1748 ύπδ
770 1695 829 1746 τῶν
843 1683 1005 1766 ἐρωμένων.
1033 1687 1113 1768 εἴρη-
1140 1702 1141 1705 ’

98 1817 146 1854 ται
164 1790 196 1853 δέ
214 1793 246 1856 τὸ
265 1791 423 1872 τηλέφιλον
442 1791 516 1852 κατὰ
534 1793 695 1853 κοινωνίαν
713 1800 766 1853 τοῦ
786 1790 805 1852 τ
822 1792 897 1874 πρὸς
915 1792 947 1855 τὸ
967 1773 999 1873 δ,
1021 1792 1114 1855 οίονελ

99 1890 270 1970 δηλέφιλον,
288 1891 321 1953 τδ
341 1892 453 1969 δηλοῦν
470 1889 523 1951 τὸν
542 1890 639 1968 φίλον.

165 2009 185 2067 f.
200 2006 433 2086 ποτεμάξατοτ
447 2004 597 2085 προήκατο
613 2005 666 2068 τὸν
680 2004 708 2080 ἐξ
723 2005 816 2068 αύτοῦ
831 2006 988 2088 γινόμενον
997 2007 1114 2088 ψόφον,
1124 2003 1208 2060 ΠΨ

99 2104 149 2166 διδι
168 2105 200 2166 τδ
220 2105 260 2184 μὴ
279 2106 394 2165 κτύπον
412 2113 535 2182 ποιῆσαι
553 2102 628 2184 πρὸς
645 2102 697 2164 τὸν
715 2113 823 2184 πῆχυν.
1117 2104 1119 2109 ’
1203 2088 1205 2094 ¹

58 2245 85 2286 ιο
168 2243 195 2300 g.
214 2219 437 2299 πλατάγημαε
456 2218 488 2280 τδ
507 2218 720 2300 πλαταγώνιον.
743 2219 803 2281 ἔστι
821 2217 898 2282 δὲτὸ
913 2229 966 2299 τῆς
980 2221 1077 2300 μῆκω-
1102 2236 1216 2281 uum

94 2309 152 2390 ’νος
175 2318 303 2394 φύλλον,
325 2313 342 2377 δ
365 2313 495 2388 τιθέντες
517 2313 591 2376 κατά
614 2316 667 2378 τδν
688 2315 834 2398 ἀντίχειρα
856 2316 906 2378 καλ
924 2317 975 2380 τδν
994 2319 1114 2399 λιχανὸν

100 2414 246 2476 δάκτυλον
265 2413 408 2474 τύπτουσι
424 2421 460 2498 τῆ
480 2414 572 2498 δεξιᾷ,
591 2413 662 2474 ὥστε
680 2414 863 2475 πλατάσσειν.

168 2551 218 2608 30.
242 2540 315 2608 ἀλλ’
340 2547 454 2620 αύτως
469 2545 616 2608 Ιδιπαλτθτ
642 2547 713 2620 τούς
738 2549 902 2623 δακτύλους
924 2556 1011 2612 καλεῖ
1028 2574 1114 2630 μετα-

100 2655 232 2726 φορικῶς
254 2643 374 2727 (πῆχυν
393 2678 440 2688 -
456 2647 567 2726 κυρίως
589 2641 644 2726 χάρ
667 2654 764 2725 πῆχυς
786 2643 840 2726 vd>
862 2645 921 2710 ἀπὸ
944 2657 997 2710 τοῦ
1021 2648 1113 2730 ἀγκῶ-

170 2803 201 2852 εο
219 2800 275 2854 sch.
290 2800 329 2853 XI
343 2806 376 2854 57
391 2800 418 2854 b.
434 2817 449 2854 ο
502 2799 624 2868 Hesych.
643 2802 850 2870 πλαταχώνιον·
869 2799 901 2856 τδ
919 2811 969 2873 τῆς
986 2801 1114 2872 μήκωνος

99 2873 147 2926 καλ
166 2872 311 2941 ἀνεμώνης
325 2871 437 2941 φύλλον.
492 2871 532 2926 id.
546 2869 735 2940 ἐπλατάχησεν
788 2871 869 2926 Phot.
883 2875 1079 2943 πλαταγώνιου

100 2943 392 3068 {udffluloewydev
415 2944 444 2996 εδ
466 2939 625 3011 πλατυχίζει
697 2943 754 2996 sch.
771 2944 819 2997 Ar.
833 2944 904 3012 Equ.
919 2949 971 2999 830
1044 2945 1115 3022 Poll.

171 3149 184 3192 1
203 3138 295 3208 suppl.
311 3137 380 3192 eall.
471 3149 485 3192 ὅ
504 3140 609 3209 δοχμῆς
627 3137 710 3193 Geel:
731 3142 857 3210 δραχμῆς
875 3141 955 3196 codd.
1011 3146 1115 3197 σπιθα-

98 3207 212 3282 μιαίους
229 3227 309 3280 prop.
328 3209 403 3275 θεοί,
424 3207 514 3282 (καί)
535 3207 739 3280 σπιθαμιαίους
748 3211 856 3265 Ahrens
929 3222 942 3265 ²
961 3213 1115 3283 ίπιχειρου·

98 3282 225 3352 μένουθ
314 3291 342 3333 14
360 3281 409 3335 καλ
426 3280 705 3350 πληττ-τηλέφιλον
724 3281 827 3336 desunt
843 3283 912 3336 inl’
999 3294 1028 3337 18
1045 3302 1114 3352 προ-

99 3352 187 3422 ήκατο
211 3351 291 3406 Geel:
319 3351 479 3477 προτχκατο
507 3351 588 3406 codd.
661 3348 711 3406 τδν
738 3355 767 3407 et
792 3352 842 3409 διὰ
864 3371 941 3423 seqq.
966 3371 1019 3409 om.
1038 3362 1061 3407 x

91 3435 129 3478 «τε
142 3422 310 3478 πλατάσσειν
320 3423 381 3478 eod.
414 3439 489 3478 οσον.
499 3424 572 3477 teste
579 3422 730 3477 Ahrensioz
741 3424 891 3480 πατάσσειν
902 3425 983 3480 codd.
990 3425 1079 3480 nostri

98 3505 129 3548 24
148 3494 256 3548 Ahrens
275 3510 291 3548 0
310 3493 413 3549 Suidae
432 3494 527 3565 glossa
543 3502 633 3565 πῆχυς
651 3493 793 3563 supplevit
