2438 3870
147 133 212 198 146
440 129 554 186 Scholia
571 130 611 185 IV
628 129 871 204 κίσσα-δείελα

145 301 249 383 ἡνεγκε
267 300 303 362 τά
316 298 384 378 περί
397 309 450 360 τού
460 299 614 376 Μιλησίου
630 293 846 370 Ἀστυάνακτος
861 296 1066 377 ἱστορούμενα.
1092 296 1177 376 φασί

145 399 201 481 γάρ
227 409 333 460 τοῦτον
351 393 474 476 ’Ἰσθμια
500 396 661 475 νικήσαντα
686 393 736 455 καί
762 395 839 456 οἴκοι
863 394 1112 476 παραγενόμενον
1141 394 1176 458 ἐκ

146 505 199 575 τῆς
222 495 300 566 ἰδίας
322 492 428 573 ἀγέλης
450 502 504 555 τοῦ
522 495 660 574 μεγίστου
679 491 825 573 λαβέσθαι
843 492 915 572 βοὸς
934 502 987 572 τῆς
1005 497 1101 573 χηλῆς
1121 493 1177 556 καί

147 593 188 673 μὴ
207 591 336 671 ἀνεῖναι,
359 590 412 666 ἕως
433 589 448 652 δ
467 601 574 672 ταῦρος
596 591 761 672 ἐλευθερῶν
785 590 817 652 τὸ
836 600 920 670 σῶμα
939 586 1002 676 [τῇ]
1022 592 1075 675 βίρι
1101 615 1176 654 κοιτ-

147 690 227 754 έλιπε
255 691 311 770 την
336 688 432 768 δπλην
457 688 489 749 ἕν
513 701 550 775 τῇ
575 689 648 772 χειρί
673 689 774 750 αὐτοῦ.
813 687 933 768 δπλην
957 687 989 750 δὲ
1012 688 1090 771 λέγει
1117 691 1177 770 τὴν
1203 711 1213 752 ι

148 790 250 870 χηλήν.
288 783 427 860 Ἡσίοδος
456 786 526 870 (Op.
546 788 577 848 et
595 789 632 849 D.
652 781 746 869 489)·
776 777 864 848 ‘066’
894 785 1070 867 ὑπερβάλλει
1098 789 1177 868 βοὸς

149 885 244 966 ὁπλὴν
266 880 327 948 οὔτ’
353 883 524 947 ἀπολείπεί.

104 1007 140 1051 ετ
216 995 244 1055 b.
268 982 354 1078 ᾇπερ
374 990 390 1053 6
409 993 544 1064 πύκτας
558 993 693 1073 Αἴγωνε
712 1001 803 1053 ταῦτα
821 992 876 1053 ούκ
896 989 944 1052 έπί
958 991 1074 1072 Αἴγωνι
1093 993 1177 1056 ίστό·

151 1115 246 1175 ρηται,
265 1084 327 1151 ἀλλ’
349 1090 396 1152 έπί
411 1085 605 1151 Ἀστυάνακτι
622 1097 663 1175 τῷ
682 1091 834 1175 Μιλησίῳ.

93 1200 144 1256 xu⁸
220 1219 244 1260 ο.
263 1198 496 1258 κατεδαίσατο
516 1197 638 1276 μύζαςε
658 1195 698 1270 ὡς
715 1195 790 1258 έοικε
810 1195 859 1257 διὰ
873 1195 928 1276 την
943 1194 1144 1279 ἀδδηφαγίαν
1159 1195 1177 1260 6
1191 1226 1215 1267 ιι

153 1297 264 1356 Μίλων
286 1295 338 1357 τὸν
359 1295 481 1376 Αἴγωνα
504 1293 552 1356 ἐπὶ
576 1292 706 1373 ἀθλησιν
729 1292 948 1375 προτέτραπται.
983 1295 1059 1372 μᾶζα
1084 1293 1119 1357 δέ
1142 1295 1177 1357 τὸ

152 1395 316 1474 νεόμακτον
334 1391 384 1453 καί
401 1393 588 1473 νεοφύρατον
607 1393 736 1470 ψύμιον.

48 1513 168 1559 nsum
222 1503 249 1560 d.
273 1499 372 1578 τηνεί
394 1499 453 1560 καί
475 1500 535 1562 τὸν
558 1509 702 1579 ταύροντ
730 1498 802 1575 ἐκεῖ,
828 1500 936 1578 φησίν,
961 1496 1103 1580 δΑλγων
1127 1499 1180 1563 έπί

154 1610 208 1661 τού
227 1599 377 1659 Λακινίου
395 1597 444 1658 καί
463 1598 515 1659 τὸν
532 1606 643 1679 ταύρου
662 1597 752 1657 ἔδωκε
770 1606 805 1680 τῇ
822 1591 1021 1679 Ἀμαρυλλίδι,
1043 1595 1180 1679 ἐνεγκὼν

155 1696 214 1759 ἀπό
233 1718 313 1768 τινος
333 1693 421 1776 ὅρους
438 1694 488 1756 καί
507 1695 690 1778 περισπάσας
708 1705 760 1774 τῆς
779 1691 880 1774 ὁπλῆς.
1192 1726 1204 1765 1

50 1833 149 1879 κευελ
224 1816 364 1901 38ί39ο..
396 1814 419 1880 ὦ
446 1813 599 1902 χαρίεσσ’
627 1814 830 1900 Ἀμαρυλλίε
858 1821 949 1881 τοῦτοί
976 1836 1071 1898 φησιν
1101 1819 1179 1883 ἀνα-

157 1917 303 2001 μνησθεὶς
321 1928 374 1980 τοῦ
393 1918 499 2000 ἔρωτος
517 1927 570 1998 τῆς
585 1913 805 1998 Ἀμαρυλλίδος

111 2038 148 2082 ετ
224 2027 251 2086 b.
275 2018 298 2085 ὦ
322 2018 477 2106 χαρίεσσ’
503 2027 702 2107 Ἀμαρυλλίτ
729 2025 792 2087 έπεί
820 2024 835 2087 6
858 2026 1007 2108 Κορύδων
1034 2023 1181 2109 ἐμνήσθη

157 2133 210 2204 τῆς
230 2117 455 2205 Ἀμαρυλλίδος,
477 2121 652 2202 ἀνεμνήσθη
678 2121 694 2184 δ
712 2123 822 2195 Βάττος
841 2123 947 2203 αὐτῆς·
971 2114 1010 2202 ἦν
1028 2121 1085 2205 γὰρ
1104 2123 1181 2207 έρον·

158 2221 233 2302 μένη
251 2221 331 2305 αύτῷ
350 2221 407 2302 πρὸ
425 2230 478 2283 τού
497 2227 613 2282 θανεῖν.
1193 2248 1218 2290 20

53 2340 171 2386 καυελτ
227 2349 250 2390 ο.
274 2328 386 2406 μόνας
410 2326 529 2388 σε’θεν;
553 2322 748 2400 ε’λλειπτικῶς·
773 2327 841 2389 δέον
864 2328 970 2405 εἰπεῖν,
994 2327 1039 2389 ὅτι
1057 2326 1107 2390 έπί
1130 2330 1183 2393 σοί

160 2423 356 2510 ἀποθανούσῃ
377 2423 518 2486 διετέλεσα
533 2421 575 2485 ὢν
589 2424 621 2485 έν
635 2425 714 2509 λύπη
730 2419 833 2506 [εἶναι]
850 2423 917 2486 ὡσεί
930 2424 1041 2498 παντός
1057 2448 1111 2505 μοι
1125 2437 1183 2491 τού

159 2523 300 2600 ποιμνίου
319 2521 512 2594 ἀπολωλότος.

232 2712 245 2754 1
263 2702 365 2755 Athen.
375 2701 401 2756 X
411 2706 462 2753 413
471 2702 525 2755 sb
581 2702 680 2771 (λοοκς.
691 2702 771 2770 Sync.
783 2701 934 2774 Ghtonogr.
945 2704 1187 2771 621‚10Dind0rf

234 2883 249 2924 8
270 2880 321 2926 τού
345 2869 473 2941 μεγίστου
491 2878 526 2923 K:
549 2879 598 2940 τῆς
621 2870 748 2941 μεγίστης
767 2875 831 2926 cett.
886 2882 935 2944 τῆς
952 2877 1038 2944 γηλῆς
1054 2874 1183 2932 Ahrsns:

162 2950 213 3012 τῆς
229 2940 395 3013 θηλείαςΚι
415 2959 469 2997 om.
484 2944 550 2996 cett.
622 2943 805 3011 λέλεύθερον
819 2949 869 2997 KU
887 2948 953 3000 ante
967 2962 1035 3000 corr.
1087 2946 1184 3020 ἀπέβη

163 3031 214 3083 pro
232 3022 266 3085 τῇ
285 3014 394 3067 Ahrsns
475 3023 488 3066 5
508 3014 539 3068 δὲ
557 3015 622 3081 post
639 3014 767 3069 κατέλιπε
786 3015 849 3069 add.
864 3024 888 3069 K
968 3027 983 3069 σ
1001 3011 1089 3085 οὗπερ
1107 3021 1184 3074 θαλ-

164 3089 219 3139 λῶν
238 3093 262 3138 Κ
341 3081 433 3139 τουτ’
455 3093 491 3139 K:
511 3081 574 3139 οὐδ’
596 3088 661 3139 cett.
716 3086 867 3140 Hesiodus:
887 3085 950 3157 μήτ’
971 3084 1018 3156 ἄρ’
1040 3088 1184 3162 ὑπερβάλ-

165 3160 221 3211 λων
239 3152 305 3227 βοδς
328 3155 417 3225 ὁπλὴν
437 3152 500 3224 μήτ’
523 3154 681 3211 ἀπολείπων
771 3168 797 3210 11
815 3158 1030 3228 προτετράφθαι
1048 3165 1085 3228 K,
1110 3177 1184 3217 corr.

165 3228 268 3297 Apogr.
287 3227 370 3280 Barb.
390 3227 443 3280 hoc
466 3230 494 3280 st
516 3242 593 3295 seqq.
612 3232 702 3283 <mu
797 3238 825 3281 ιι
848 3228 896 3284 νεό
937 3249 1004 3286 κτον
1027 3229 1131 3300 scripsi
1149 3250 1186 3289 ox

165 3302 260 3353 monto
273 3299 416 3352 Ahrensii:
435 3296 626 3367 νεομάλακτον
639 3307 663 3352 K
722 3310 751 3353 18
769 3300 787 3353 l.
803 3294 824 3353 ὦ
838 3251 970 3370 γαρίάύσα
983 3307 1003 3354 1³
1071 3312 1099 3356 21
1114 3303 1185 3361 δέω

167 3370 287 3424 Ahrsns:
307 3370 338 3423 δὲ
352 3378 388 3423 1:
408 3373 453 3424 δεῖ
469 3371 548 3423 ests:
568 3369 625 3426 έδει
640 3369 707 3424 Call.
775 3382 805 3424 εκ
823 3371 961 3427 διετέλεσα
980 3376 1150 3445 omium*

167 3439 207 3497 ὢν
224 3441 361 3495 infinifivo
379 3441 463 3495 verbo
482 3441 575 3495 deleto
594 3441 794 3497 Wilamowitz:
814 3439 851 3498 διν
869 3443 949 3498 οοδδ.
1004 3443 1070 3498 ὡσεί
1087 3444 1186 3502 Duob-

167 3529 229 3567 ner:
248 3510 266 3581 ἢ
286 3513 311 3567 εί
328 3521 363 3566 K:
383 3509 401 3581 ἢ
419 3515 498 3569 σεται
518 3506 536 3584 ᾗ
554 3512 663 3569 Ahrsns
718 3533 771 3583 μου
789 3522 813 3567 K
