2438 3870
455 144 657 214 Prolegomena
676 143 767 197 latina
891 144 893 146 ’
1082 147 1122 211 ll

107 315 255 371 canerent.
276 304 281 395 Ι
302 314 422 372 habitus
443 317 542 372 autem
557 313 646 372 huius
660 312 742 373 modi
755 313 920 372 videbatur.
953 317 1019 372 erat
1032 315 1120 390 panis
1136 327 1166 369 er

107 429 231 487 magnus
247 414 378 470 omnium
392 413 524 471 ferarum
537 411 668 489 imagine
684 412 847 486 completus
858 413 888 470 et
897 415 964 470 uter
974 432 1041 471 cum
1051 415 1121 472 vino

106 512 136 566 et
154 509 235 568 follis
254 528 321 568 curn
336 511 470 568 omnium
483 510 668 587 leguminum
687 529 806 586 genere;
825 510 923 568 inerat
943 513 972 568 et
992 511 1121 583 (Puteola,

107 625 141 663 ea
155 608 201 676 M,
216 627 250 666 eo
264 607 338 678 AB)
354 627 463 666 corona
477 609 508 666 iu
523 608 620 683 capite
635 610 663 666 et
679 608 710 665 in
724 626 817 666 manu
830 608 941 683 pedum
955 609 1120 685 clavatum3

79 706 196 778 astque
214 706 258 764 ita
274 706 421 765 victorum
436 707 570 764 omnium
584 706 662 764 fores
677 705 838 764 multitudo
854 706 1038 781 circumibat,
1058 726 1120 766 oar-

105 822 173 860 men
195 803 227 860 in
249 803 407 864 victoriam
432 823 525 878 quam
548 803 651 879 adepti
674 804 793 862 fuerant
817 803 963 862 canebant
982 808 1012 863 ct
1031 805 1067 864 de
1086 825 1120 864 eo

105 900 177 959 folle
195 901 300 960 limina
319 902 456 979 frugibus
476 901 664 978 spargebant.
697 901 834 960 nonnulli
853 904 882 960 et
901 903 932 960 in
950 903 1072 960 Italiam
1091 905 1121 962 et

104 999 137 1056 in
145 998 273 1074 Lydiam
287 1004 317 1058 et
328 1001 360 1058 in
369 1000 542 1077 Aegyptum
551 999 694 1058 transisse
705 999 873 1074 creduntur,
888 1019 962 1084 quos
972 1001 1120 1076 lydiastas

106 1099 135 1154 et
154 1097 316 1158 bucolistas
336 1099 574 1174 appellaverunt.
953 1173 956 1177 1

65 1231 90 1267 ro
172 1224 353 1280 quamquam
377 1209 422 1264 est
446 1208 475 1262 et
499 1205 559 1262 alia
578 1204 691 1280 opinio,
716 1206 828 1264 circum
846 1223 939 1280 pagos
959 1207 990 1262 et
1008 1206 1120 1281 oppida
1139 1239 1169 1247 -

104 1303 207 1361 solitos
231 1303 322 1361 fuisse
345 1306 480 1378 pastores
500 1302 664 1378 composito
684 1304 774 1360 cantu
792 1301 908 1376 precari
924 1321 1066 1378 pecorum
1085 1323 1120 1364 ac

104 1399 223 1475 hugum
246 1399 458 1476 hominumque
479 1403 672 1476 proventum,
696 1403 787 1475 atque
805 1399 875 1458 inde
893 1399 925 1458 in
943 1401 1021 1459 hunc
1040 1401 1120 1460 diem

103 1516 223 1555 manere
241 1517 349 1556 nomen
368 1501 398 1557 et
416 1499 507 1556 ritum
526 1497 739 1557 bucolicorum.

170 1606 279 1679 putant
303 1608 403 1663 autem
422 1605 544 1681 quidam
562 1606 618 1664 hoc
637 1623 731 1682 genus
751 1605 891 1664 carminis
909 1605 1040 1680 primum
1058 1605 1118 1664 Da·
1138 1639 1169 1646 -

64 1725 88 1764 15
103 1700 197 1775 phnin
212 1705 419 1777 composuisse,
439 1702 544 1762 deinde
559 1703 634 1762 alios
649 1705 825 1779 complures,
839 1705 918 1762 inter
933 1721 1007 1778 quos
1021 1704 1117 1764 Theo·

103 1801 211 1857 critum
231 1799 462 1876 Syracusanum,
482 1820 568 1876 quem
588 1807 689 1861 noster
707 1802 853 1860 imitatur.

454 2015 583 2074 Aelius
602 2015 766 2074 Donatus

168 2128 241 2186 Vita
257 2128 344 2206 Verg.
360 2132 401 2188 49
418 2124 538 2207 (Jahrb.
553 2131 575 2201 f.
590 2131 673 2188 cluss.
688 2130 761 2187 Phil.
772 2129 872 2202 Suppl.
883 2129 906 2186 I
909 2129 937 2188 V
948 2128 969 2187 7
971 2124 1041 2201 41):
1055 2129 1116 2188 Bu·
1131 2149 1163 2192 οο

102 2225 196 2283 colica
219 2227 320 2284 autem
344 2230 375 2283 et
398 2226 458 2283 dici
481 2229 511 2284 et
531 2228 610 2284 recte
630 2225 688 2284 dici
707 2226 755 2284 vel
773 2226 828 2285 hoc
846 2226 957 2285 indicio
975 2227 1116 2302 probasse

61 2348 88 2386 20
103 2322 267 2397 suffecerat,
281 2322 361 2397 quod
375 2323 478 2383 eodem
492 2323 611 2382 nomine
627 2323 707 2399 apud
721 2325 913 2383 Theocritum
928 2328 1116 2402 censeantur3

101 2439 206 2478 verum
224 2421 302 2479 ratio
323 2440 440 2497 quoque
458 2421 652 2481 monstranda
671 2426 722 2481 est.
738 2423 814 2481 tria
833 2441 941 2500 genera
959 2425 1115 2498 pastorum

102 2520 179 2592 sunt,
202 2519 256 2594 qui
278 2514 398 2596 (sarpa
421 2537 486 2578 casm
503 2521 704 2595 Philaryyrim
728 2540 803 2596 quae
822 2513 916 2601 codd.)
936 2520 1115 2598 dignitatem

100 2615 132 2673 in
150 2615 292 2675 bucolicis
310 2616 429 2691 habent,
449 2637 576 2693 quorum
594 2617 711 2676 minimi
728 2621 799 2677 sunt
813 2618 865 2694 qui
880 2615 997 2677 αἰπόλοι
1011 2619 1114 2677 dicun-

100 2717 152 2771 tur
171 2712 334 2788 attractis,
353 2734 371 2773 a
389 2715 475 2774 nobis
486 2716 636 2792 -caprarii3
655 2717 746 2792 paulo
765 2717 970 2775 honoratiores
989 2716 1042 2791 qui
1058 2739 1114 2793 μη-

59 2835 86 2874 os
100 2810 221 2890 λονόμοι
239 2809 376 2889 ποιμένες
394 2812 425 2870 id
444 2815 489 2872 est
507 2813 653 2889 opiliones
673 2814 827 2889 dicuntur3
846 2814 1069 2874 honoratissimi
1084 2817 1115 2872 ct

100 2909 221 2968 maximi
244 2910 295 2984 qui
318 2909 471 2988 βουκόλοι,
495 2930 568 2986 quos
592 2912 737 2971 bubulcos
757 2912 889 2971 dicimus.
922 2911 1001 2970 unde
1019 2913 1115 2989 igitur

99 3007 194 3085 magis
222 3008 322 3067 decuit
344 3008 490 3083 pastorali
517 3010 642 3073 carmini
665 3029 772 3069 nomen
795 3010 910 3086 imponi
933 3009 992 3068 nisi
1017 3009 1055 3067 ab
1079 3029 1113 3069 oo
1209 3000 1211 3004 ⁸

99 3107 207 3182 gradu,
233 3106 284 3182 qui
307 3107 368 3165 fare
393 3107 473 3182 apud
495 3110 631 3182 pastores
654 3108 917 3168 excellentissimus
940 3106 1113 3167 invenitur?

167 3223 296 3282 51-56
312 3221 363 3296 (ib.
382 3226 454 3282 741.
471 3222 540 3296 4211
559 3225 705 3302 originem
720 3226 819 3282 autem
833 3223 960 3284 bucolici
973 3223 1112 3282 carminis
1127 3244 1159 3285 aa

56 3342 84 3382 eo
99 3321 152 3379 alii
170 3321 207 3380 ob
227 3321 318 3378 aliam
337 3340 457 3381 causam
476 3322 584 3380 ferunt.
617 3324 687 3380 sunt
705 3324 793 3397 enim,
812 3322 864 3398 qui
884 3321 1111 3381 aLacedaemo·

97 3421 156 3476 niis
174 3419 343 3494 pastoribus
357 3419 473 3478 Dianae
491 3420 621 3495 primum
636 3438 754 3478 carmen
767 3421 823 3479 hoc
837 3419 986 3478 redditum
1002 3418 1113 3493 dicant,

98 3535 166 3574 cum
188 3517 282 3575 eidem
307 3516 379 3575 deae
402 3535 456 3592 per
478 3517 602 3592 bellum,
627 3517 713 3591 quod,
728 3520 787 3577 toti
806 3515 946 3576 Graeciae
965 3511 1018 3576 illo
1037 3518 1113 3575 tern-

152 3624 259 3664 Scnonu
273 3635 298 3664 rs
313 3625 471 3664 Tnaocurrmr
485 3635 529 3665 rec.
543 3625 663 3664 Wendel
935 3620 950 3666 2
