2438 3870
83 199 86 202 ,
152 160 197 225 90
449 155 563 212 Scholia
581 155 633 212 VII
646 156 847 227 λος-λόγιόν

91 339 148 384 m
223 350 250 408 g.
274 324 357 388 οὐδὲ
379 329 551 404 Φιλητᾶνι
574 321 590 386 6
612 327 742 402 Φιλητᾶς
760 327 848 408 Κῷος
866 314 905 401 ἦν
923 320 943 402 ἢ
962 319 1003 395 ὡς
1020 321 1096 384 ἔνιοι
1110 319 1169 384 Ῥό-

153 427 218 498 διος
235 423 371 503 ποιητής,
388 418 456 495 υίὸς
474 419 621 500 Τηλέφου.

48 527 144 572 “ml
222 535 261 591 41
273 551 299 592 a.
328 531 502 612 βάτραχος
530 527 566 590 δὲ
593 523 668 590 ποτ’
694 526 856 608 άκρίδαςτ
882 525 978 608 ἤγουν
1000 524 1076 609 πρὸς
1099 527 1169 601 τοὺς

154 627 328 712 εἰρημένους
347 628 461 706 σοφοὺς
475 626 638 706 οὐδαμινός
656 627 726 705 είμι,
744 625 794 687 καλ
813 626 909 706 ὥσπερ
927 625 1071 706 βάτραχος
1085 623 1170 705 ἐρίζει

154 724 229 808 πρὸς
248 726 300 800 τὰς
317 725 441 809 ἀκρίδας
459 725 558 803 οὐδέν,
577 726 654 786 οὕτω
672 722 752 805 κάγδο
771 719 846 806 πρὸς
864 723 981 796 αὐτούς.
1196 741 1206 780 τ

49 837 166 884 nutu
222 826 250 885 b.
274 826 461 906 βάτραχοςτ
485 822 501 886 6
523 822 577 904 μὲν
599 824 743 905 βάτραχος
765 821 959 904 τραχύφωνός
980 819 1074 901 ἐστιν,
1098 821 1171 883 ὅθεν

155 922 206 984 καλ
229 920 396 1001 ὠνόμασται
418 922 580 1003 βοάτραχός
602 946 646 996 τις
669 921 727 1001 dlv,
750 918 766 981 6
784 930 820 1004 τῇ
843 921 900 1005 βοη
918 919 1038 1002 τραχύς·
1061 927 1120 979 τῶν
1139 917 1171 980 δέ

155 1019 286 1101 άκρίδων
304 1021 363 1082 εἰσί
378 1043 465 1097 τινες,
484 1022 517 1080 αἳ
534 1021 704 1102 συρίζουσιν
722 1017 908 1100 ἐναρμόνιον.

112 1133 148 1176 n?
226 1139 249 1181 ο.
269 1120 444 1200 βάτραχος
463 1116 512 1178 δέε
530 1128 589 1178 τῶν
608 1116 661 1197 μὲν
680 1117 832 1198 βατράχων
850 1120 967 1196 τραχεῖα
984 1113 1004 1194 ἡ
1024 1113 1112 1194 φωνὴ
1132 1111 1172 1188 ὡς

157 1212 216 1278 άπὸ
236 1226 288 1297 τῆς
307 1215 506 1297 ἐτυμολογίας,
525 1224 584 1275 τῶν
603 1211 634 1274 δὲ
652 1214 787 1294 τεττίγων
805 1211 988 1294 ἐναρμόνιος.
1185 1229 1210 1271 ιο

132 1330 147 1372 ε
227 1310 306 1395 [42]
326 1313 385 1375 ἐπί
388 1315 451 1374 ταδ
455 1334 503 1386 εςτ
521 1310 763 1393 ἐπιτετευγμένως
781 1309 802 1391 λγ
820 1310 992 1390 ἐξεπίτηδες.

91 1435 149 1479 m
226 1416 276 1473 43.
296 1411 359 1472 τάν
377 1434 446 1491 τοι,
464 1410 547 1490 ἔφα,
565 1410 724 1492 κορύναν
743 1409 961 1492 δωρήσομαιε
982 1405 1015 1470 τὸ
1034 1407 1102 1487 ἐφα
1120 1417 1172 1470 τοῦ

161 1511 330 1591 Θεοκρίτου,
350 1506 366 1570 6
386 1507 418 1570 δέ
436 1504 538 1582 λοιπὸς
556 1509 652 1588 στίχος
670 1516 723 1568 τοῦ
741 1508 888 1569 Λυκίδου.

52 1620 169 1666 num
227 1612 278 1669 44.
305 1617 375 1667 πᾶν
402 1601 453 1667 ἐπ’
483 1605 651 1691 ἀληθείης
682 1605 725 1666 ότι
752 1604 925 1685 φιλαλήθης
953 1603 1098 1682 πέφυκας.
1139 1601 1172 1666 τὸ

160 1702 188 1766 δ’
204 1705 241 1766 ἐκ
255 1704 355 1784 Διός,
374 1704 419 1766 ότι
436 1703 573 1782 ἀψευδής
587 1703 666 1765 ἐστιν
680 1700 696 1764 δ
711 1703 794 1776 Ζεύς.
811 1697 944 1784 Ὅμηρος
958 1695 1003 1784 (A
1013 1697 1106 1785 526)·
1125 1698 1174 1764 ‘ml
1188 1718 1211 1758 ιτ

159 1802 214 1885 γδιρ
233 1799 305 1881 ἐμὸν
323 1799 555 1883 παλινάγρετον.’

228 1896 367 1982 45ί46ε.
392 1899 441 1973 ὥς
465 1898 621 1978 μοικαὶ
644 1897 812 1960 τέκτωνε
835 1893 901 1960 οἷον
918 1897 1107 1978 καυχώμενος
1124 1895 1175 1958 καλ

160 1997 406 2080 ἐπαγγελλόμενος
428 2003 526 2059 ποιεῖν
548 1991 632 2059 οἶκον
646 1990 860 2078 Ὠρομέδοντος
882 1995 1068 2077 ὑψηλότερον
1086 1993 1175 2078 όρους

160 2101 303 2176 κεφαλῆς,
315 2099 464 2170 παντελῶς
475 2094 625 2157 ἀδυνάτου
637 2105 690 2173 τῆς
701 2095 833 2175 πράξεως
844 2093 1042 2174 ὑπαρχούσης.
1061 2087 1174 2174 ἢὨρο·

162 2193 289 2274 μέδοντα
305 2192 357 2255 τὸν
372 2197 461 2254 Πᾶνα
480 2193 676 2272 συνθλτως,ο
662 2193 678 2214 ”
695 2191 755 2254 ἐστι
773 2191 894 2273 βασιλέα
911 2201 970 2253 τῶν
989 2189 1068 2274 δρῶν
1085 2189 1106 2272 ἣ
1122 2199 1175 2254 τοιλ
1188 2205 1212 2246 ²⁰

162 2293 301 2373 οὐρανοῦ

137 2403 152 2446 κ
229 2386 301 2450 δ”
284 2389 354 2467 ητὸ
374 2384 544 2470 Ὡρομὲδων
566 2389 710 2470 γράφεται
732 2386 974 2470 Εὐρυμέδων,”
957 2411 987 2448 ιν
989 2374 1175 2518 ἠόΠερ-

163 2486 231 2560 σευς
248 2485 328 2568 παρὰ
347 2487 492 2568 Αργείοις.

57 2597 174 2645 num
230 2605 254 2645 ο
279 2581 351 2644 δδέ
373 2592 459 2656 νοῦς·
484 2593 558 2662 μισω
582 2582 632 2643 καλ
654 2580 824 2661 τέκτονα,“
810 2607 843 2655 ος
866 2581 971 2667 ἐρευνᾷ
989 2581 1082 2662 δόμον
1099 2579 1176 2644 τελέ-

163 2699 213 2743 σαι
235 2679 402 2763 μέγεθος”
384 2704 486 2762 εχοντα
509 2704 561 2759 της
584 2690 637 2742 τοῦ
662 2679 750 2763 όρονς
767 2690 912 2761 κορυφῆς.
949 2678 1056 2761 λ’χόρος
1074 2678 1107 2741 ἐν
1125 2682 1212 2766 Κῷεᾶ

131 2816 132 2819 =
163 2778 222 2840 ἀπὸ
234 2773 446 2862 Ὠρομέδοντος
460 2787 512 2839 τοῦ
526 2788 579 2858 τῆς
592 2781 646 2839 Κῶ
661 2778 894 2858 βασιλεύσαντος.
923 2777 973 2840 καλ
987 2775 1003 2840 6
1015 2779 1177 2850 Διονύσιος

235 2927 250 2968 ε
268 2915 312 2969 El.
327 2915 365 2968 Μ.
382 2921 446 2981 191,
460 2920 494 2967 57
509 2915 554 2984 (ολ.
570 2913 648 2985 Gen.)
719 2914 763 2968 El
779 2913 850 2968 (λεδ.
865 2919 930 2980 264,
946 2919 962 2966 3
976 2913 1018 2967 De
1032 2912 1142 2968 Stefani

163 2986 209 3041 Et.
220 2985 264 3040 Or.
276 2992 319 3052 34,
330 2992 363 3039 23
401 2985 635 3053 01.Werf.613‚8
672 2984 986 3054 Epim.(0ram.An.Ox.
994 2985 1020 3038 11
1030 2987 1140 3054 llam)

164 3068 194 3110 εε
208 3057 252 3110 Et.
263 3057 301 3111 M.
312 3062 372 3125 88⁷,
380 3063 414 3111 86
424 3056 586 3127 (Euphorio)
623 3055 715 3125 Apoll.
725 3055 860 3112 1610de
871 3061 940 3110 1513
976 3055 1097 3125 Hesych.
1108 3055 1178 3123 Εόρ.

235 3185 319 3238 1Φιλ
319 3182 387 3252 ητης
403 3181 471 3236 libri
555 3179 669 3249 λέρλζει
689 3180 772 3236 Gall„
765 3179 894 3248 ·συρίζει
912 3181 992 3236 codd.
1075 3192 1101 3233 11
1120 3181 1177 3235 ἐπι-

164 3253 349 3324 τετευγμένως
366 3254 487 3307 Ahrens:
507 3250 708 3321 ἐπιτεταμένως
726 3253 800 3307 τοδε
794 3254 948 3322 ·ἐπιτεταγ
983 3273 1038 3314 νως
1055 3251 1101 3306 vel
1119 3252 1178 3307 ἐπι-

164 3324 369 3394 τετηδευμίνως
386 3324 517 3379 Duebnor
592 3333 623 3376 ευ
641 3323 780 3379 σύνθετον
797 3331 821 3376 Κ
975 3322 1177 3378 Wilamowilz·

165 3397 204 3460 ὡς
222 3396 281 3450 οοδ.
368 3405 398 3449 ει
415 3396 514 3463 παρὼν
532 3394 603 3462 οοδ,
622 3395 728 3449 correxi
813 3405 843 3448 ετ
860 3403 909 3465 της
928 3399 975 3448 Κῶ
995 3393 1055 3448 sine
1072 3402 1123 3449 τοῦ
1141 3401 1177 3448 1:

165 3476 216 3523 τοῦ
234 3476 283 3539 της
301 3466 401 3533 Νάξου
419 3466 507 3534 νησου
526 3468 604 3520 cett..
622 3474 673 3520 τοῦ
691 3474 740 3536 τῆς
756 3466 854 3532 Πόξας
869 3465 916 3519 vel
931 3466 1023 3531 Φόξας
1037 3464 1179 3520 Schwartz

166 3540 271 3594 Nachr.
286 3540 312 3594 d.
330 3540 401 3594 θδλλ.
419 3539 479 3594 Ges.
495 3537 521 3592 d.
537 3538 632 3604 Νότε,
650 3538 724 3592 Phil
726 3539 799 3592 -m‘st,
814 3537 862 3592 Κλ.
878 3541 963 3604 1904,
976 3541 1033 3592 299
