2438 3870
416 143 528 199 Scholia
546 143 597 198 VII
611 143 709 197 b-3c
1034 145 1074 209 77

59 312 129 393 μετὰ
144 311 294 394 Εὐκρίτου
312 311 362 373 καί
374 307 529 392 Ἀμύντου.
557 311 607 373 καί
622 312 774 393 διηγεῖται,
794 308 833 384 ῶς
847 310 919 371 κατὰ
934 310 989 390 τήν
1003 309 1075 375 δδδν

59 409 228 492 ἐντυγχάνει
246 411 367 494 Λυκίδηι
385 416 425 496 τῶ
442 410 620 496 Κυδωνιάτη
639 408 697 472 άπὸ
718 409 837 492 Κρήτης
858 409 906 471 καλ
927 409 1006 483 ὅπως
1024 409 1074 472 άλ-

60 501 159 588 λήλοις
179 508 313 588 ὁμιλοῦσι
331 507 380 569 καί
399 507 593 591 διεξέρχονται
611 507 680 580 τοὺς
698 506 812 568 ἑαυτῶν
826 508 942 589 ἔρωτας.
971 506 1029 591 ήρα
1044 505 1075 570 δὲ

59 606 74 670 δ
96 609 234 681 Λυκίδας
252 607 359 680 παιδὸς
375 602 566 688 Ἀγεάνακτος
586 607 813 686 Μιτυληναίου,
835 605 851 668 δ
870 605 901 667 δὲ
922 606 1077 688 Θεόκριτος

33 710 207 788 σΜυρτοῦς
233 703 334 784 όνομα.
373 706 515 785 λαμβάνει
540 703 571 765 δὲ
597 702 613 765 ὁ
636 704 791 787 Θεόκριτος
809 704 979 786 λαχωβόλον
996 704 1076 784 παρὰ

60 804 194 882 Λυκίδα,
218 802 267 864 καί
286 804 363 864 ολίτω
380 804 551 885 χαρίζονται
574 797 625 863 ἀπ’
646 801 787 882 άλλήλων.

127 921 150 961 ο.
169 903 331 982 προλοχίζει
351 898 366 961 ὁ
389 901 552 984 Θεόκριτος.
1083 912 1119 956 ΚΡ

129 1004 179 1059 la.
203 998 217 1059 ἕ
225 1024 240 1072 ς
262 999 327 1060 τὸν
343 997 513 1060 ’Ἀλενται
536 1000 625 1072 τόκος
644 998 676 1059 ἕν
698 1003 746 1082 Κῶ
766 997 824 1059 άπὸ
839 994 975 1073 ’Ἀλεντός
992 1000 1183 1072 τινοςκῦῑΨ

60 1091 209 1177 βασιλέως.
274 1098 301 1158 b.
323 1097 397 1158 ἔνιοι
416 1095 520 1176 δὲτὴν
539 1098 599 1158 άλω
618 1096 697 1180 παρὰ
715 1095 747 1157 τδ
767 1095 928 1175 άληλέσθαι
946 1095 979 1158 ἐν
997 1097 1072 1182 αὐτή
1083 1116 1119 1162 xe

20 1217 46 1256 τυ
60 1195 131 1267 τοὺς
148 1192 302 1275 άστάχυας.

129 1313 153 1352 c.
176 1292 210 1365 ἐς
231 1293 291 1355 τὸν
305 1289 460 1354 ’Ἁλενται
478 1289 572 1366 ’Ἁλεις
590 1292 610 1374 ή
629 1294 724 1374 δῆμος
742 1302 794 1372 τῆς
809 1297 860 1353 Κῶ
880 1289 988 1374 [οὕτως
1007 1290 1121 1354 dvo-Pr

63 1387 238 1471 μαζόμενος]
264 1389 284 1470 ή
310 1391 399 1463 τόπος
424 1391 456 1452 ἐν
476 1395 530 1478 Κῷ
554 1392 647 1465 οότως
672 1389 888 1470 ὀνομαζόμενος
913 1390 970 1453 άπό
996 1414 1076 1464 τινος

55 1484 199 1561 ’Ἄλεντος
232 1488 291 1550 ἔστι
310 1487 341 1550 δὲ
353 1485 449 1562 ’Ἁλεις
466 1488 517 1549 καί
534 1491 665 1569 ποταμὸς
679 1491 823 1563 Σικελίας,

131 1591 184 1647 sa.
208 1587 404 1668 εἴρπομεςι
429 1588 539 1667 κυρίως
562 1585 615 1666 μὲν
639 1585 685 1648 ἕπί
709 1597 767 1648 τῶν
791 1586 965 1666 σκωλήκων,
988 1602 1102 1647 κατα-κ

22 1704 47 1744 ιι
62 1695 222 1767 χρηστικῶς
246 1683 277 1746 δὲ
300 1683 347 1746 ἐπὶ
365 1695 424 1746 τῶν
442 1684 632 1766 νωθεστίρως
654 1683 874 1766 πορευομένων·
900 1694 957 1746 νῶν
976 1682 1008 1745 δὲ
1029 1683 1077 1745 ἐπὶ

62 1792 115 1843 τοῦ
134 1784 264 1863 βαδίζειν
283 1781 396 1856 εὐθέως
418 1782 648 1862 παρειλήφαμεν.

129 1882 157 1940 b.
181 1882 363 1963 εἴρπομεντ
387 1881 418 1942 τὸ
438 1879 537 1962 ἕρπειν
557 1882 666 1962 κυρίως
689 1879 814 1942 ἐπὶτῶν
833 1879 1183 1959 όφεωνκαλτῶνυιελτ

64 1978 224 2057 σκωλήκων
242 1978 292 2040 καί
316 1978 362 2040 ε’πλ
384 1988 444 2040 τῶν
466 1977 571 2061 ἕτὲρων
590 1977 712 2039 άπόδων
735 1975 818 2062 ζςόων
841 1977 965 2060 λέγεται,
988 2001 1076 2039 κατα-

63 2086 224 2157 χρηστικῶς
248 2074 279 2138 δὲ
300 2075 350 2138 καί
368 2076 416 2138 ε’πί
434 2086 494 2138 τῶν
512 2075 701 2158 νωθεστόρως
724 2075 773 2137 καί
792 2075 934 2138 ἀσπουδεὶ
952 2098 1076 2157 πορευο-

22 2195 49 2235 ¹0
65 2173 170 2254 μένων.
207 2174 256 2235 καί
273 2172 404 2257 Ὅμηρός
422 2169 453 2258 (ρ
476 2169 553 2256 158)
573 2191 659 2253 φησι·
679 2171 810 2255 <ήμενος
824 2172 844 2254 ή
859 2170 985 2256 ἕρπων)
1018 2184 1076 2236 νῦν

64 2271 96 2333 δὲ
115 2271 163 2332 ἐπί
181 2282 234 2334 τοῦ
253 2273 382 2352 βαδίζειν
401 2272 633 2355 παρειλήφαμεν.

133 2374 183 2430 3ο.
204 2371 375 2431 δαλόσιατ
389 2368 407 2449 ή
421 2381 481 2432 τῶν
494 2381 617 2453 καρπῶν
631 2381 690 2432 τῶν
704 2369 751 2432 ἐπί
765 2381 817 2450 τῆς
830 2380 886 2452 γῆς
899 2369 1185 2452 συγκομιδήκυιῑῑῧ

63 2465 255 2549 καλὍμηρος
275 2462 309 2550 (Ι
321 2463 412 2548 534)·
433 2465 480 2530 ξὃν
499 2467 563 2530 οότι
581 2466 731 2530 θαλάσιοι.’

135 2625 150 2666 ο
169 2615 225 2668 sch.
241 2619 298 2668 340
313 2631 376 2667 cum
389 2613 442 2668 loc.
458 2615 519 2668 sim.
591 2625 620 2667 ιο
639 2615 665 2668 V
679 2620 729 2668 123
745 2631 808 2668 cum
823 2615 879 2668 sch.
953 2625 980 2667 14
999 2614 1077 2668 Eust.

66 2690 143 2751 1841,
159 2691 192 2738 ss
264 2696 294 2738 ss
313 2686 369 2739 sch.
384 2685 407 2738 Β
422 2686 433 2738 1
449 2691 501 2739 τοι
555 2685 598 2739 Et.
614 2685 650 2739 M.
666 2691 727 2752 ιιι,
744 2692 776 2740 13
796 2687 840 2755 (cf.
856 2684 936 2752 Gen.)

136 2818 237 2874 Ιόδιν
255 2820 304 2873 καί
323 2821 395 2888 διηχ.
414 2826 458 2872 ΡΤ
548 2819 656 2882 κόπως
673 2826 729 2872 PT:
751 2829 810 2882 πῶς
829 2823 894 2874 cett.
984 2819 1078 2888 δόμε-

65 2893 143 2944 λοῶσι
166 2891 214 2944 καὶ
237 2897 294 2944 Ps:
319 2889 438 2960 ὡμίλουν
461 2889 510 2944 καί
533 2897 567 2943 K:
592 2889 713 2959 ὡμίλουν
736 2898 769 2945 G:
794 2889 954 2960 ὁμιλοῦντες
976 2892 1042 2945 ccii.

65 2959 149 3029 sp'sv
173 2965 238 3016 anic
257 2969 289 3017 Λ.
314 2961 404 3031 suppl.
419 2960 595 3015 Valckenacr
702 2972 716 3014 5
735 2960 820 3031 κόρης
843 2965 908 3016 ante
928 2967 967 3016 M.
988 2961 1078 3031 suppl.

65 3032 174 3086 Ahrens
238 3032 335 3103 ὄνομα,
354 3033 431 3100 quod
449 3033 625 3087 Volckcnccr
643 3033 755 3100 dolcvst,
774 3035 853 3087 deest
868 3050 891 3088 c.
907 3053 933 3103 g.
952 3034 981 3087 in
997 3033 1078 3087 Laus.
1111 3065 1114 3071 -

68 3109 110 3169 32,
126 3110 159 3158 16
242 3115 257 3158 υ
276 3101 327 3159 ἀπ’
348 3121 401 3158 om.
421 3121 515 3159 omnes
534 3107 646 3173 praetor
663 3112 687 3156 Κ
772 3101 928 3168 ε”Αλιντος
945 3104 1045 3173 scripsi
1064 3119 1079 3157 o

66 3173 172 3229 scholio
183 3193 210 3228 c:
220 3172 372 3231 Ἀλευτίνου
387 3175 466 3230 codd.
539 3186 565 3228 ιι
579 3173 663 3239 ”Adsis
676 3176 719 3229 his
735 3175 847 3245 scripsi:
857 3174 949 3239 Ἆλευς
963 3176 1042 3229 codd.

66 3244 123 3302 οότ.
139 3245 215 3316 δνομ.
234 3248 327 3316 priore
346 3247 407 3302 loco
422 3246 475 3300 del.
490 3246 580 3300 Paion
596 3248 651 3302 Τίνι
665 3249 752 3302 Ιιιεοκ.
768 3250 801 3315 of
811 3248 863 3302 Oos
875 3265 907 3316 p.
920 3251 984 3314 213,
1003 3247 1078 3300 idem

66 3317 151 3372 verba
170 3316 226 3373 ἀπό
242 3339 318 3382 τινος
334 3314 394 3384 Ἀλ,
414 3334 486 3387 quae
500 3318 529 3371 in
544 3319 624 3372 codd.
640 3319 856 3387 subsequuntur,
870 3317 1044 3388 transposuit

66 3399 94 3440 ιυ
117 3389 296 3457 νωθεστέρως
318 3389 430 3459 scripsi:
454 3387 634 3456 νωθεστίρωυ
658 3390 752 3444 codd:
775 3388 952 3458 νωθέστερον
974 3388 1042 3444 eall.

66 3469 97 3511 2⁰
114 3461 163 3514 καὶ
175 3457 235 3529 Ὅμ.
255 3481 285 3529 φ.
301 3477 354 3514 om.
373 3465 446 3512 ΕΔΤ
465 3460 592 3528 supplevi
682 3471 711 3513 28
734 3463 783 3516 καλ
795 3459 917 3530 Ὅμηρος
933 3477 1009 3529 seqq.
1025 3475 1078 3513 om.

67 3535 112 3582 ΒΕ
167 3529 187 3584 δ’
202 3529 229 3585 cl
249 3531 310 3586 οότι
328 3531 407 3584 Hom.
