2438 3870
152 171 195 236 86
481 169 594 226 Scholia
612 169 835 225 V1123d-2ea

92 340 144 394 ενε
220 339 248 398 d.
266 336 527 418 ἐπιτυμβίδιαιι
545 337 580 398 αί
595 335 643 398 ἐπί
660 337 774 416 τύμβου
790 336 995 416 διατρίβουσαι
1012 334 1096 416 ἢέπλ
1109 345 1165 398 τῶν

153 439 290 514 κεφαλῶν
309 434 427 515 ἔχουσαι
444 435 530 520 τάφῳ
547 434 762 516 παραπλήσιον.

46 544 165 590 num
220 555 243 594 ο.
267 534 524 614 κυρυδαλλίδες
547 531 579 594 δὲ
602 532 682 613 παρὰ
702 532 734 594 τὸ
753 531 875 613 κόρυσιν
893 531 1020 594 ἐοικέναι
1043 532 1099 611 τὴν
1121 555 1166 594 κε-

153 630 253 711 φαλὴν
271 629 379 692 αύτῶν.
869 630 874 638 ”

108 742 144 785 ετ
220 731 240 789 f.
260 729 301 788 αἱ
316 723 628 809 δ’ἔπιτυμβίδιοι
646 729 942 808 κορυδαλλίδεςι
960 729 1203 809 κορυδαλλίδεςι

153 825 287 888 ἐνταῦθα
304 819 383 899 εἶδος
401 824 535 905 ἑρπετοῦ·
559 824 691 906 λέγονται
715 823 746 886 δὲ
765 825 978 906 ἐπιτυμβίδιοι,
1002 825 1047 887 ὅτι
1064 827 1169 904 τάφοις

154 921 195 997 ὥς
217 922 343 984 ἐπιπολὺ
361 922 607 1003 ἐνδιατρίβουσιν.
645 924 672 984 εί
690 920 721 984 δὲ
739 924 951 1003 κυρυδαλλίδας
969 922 1005 983 τά
1024 925 1169 1004 στρουθία

155 1021 288 1100 νοήσεις,
310 1021 518 1100 κορυδαλλίδες
541 1018 596 1099 μὲν
619 1019 752 1101 λέγονται
775 1020 879 1081 διὰτὸ
902 1020 1025 1098 κόρυσιν
1044 1019 1170 1082 ἐοικέναι

155 1119 187 1181 τὸ
210 1116 259 1179 ἐπί
280 1127 333 1195 τῆς
356 1123 488 1196 κεφαλῆς
510 1118 609 1179 αὐτῶν
632 1117 801 1196 ἀνάστημα,
828 1116 1027 1198 ἐπιτυμβίδιοι
1052 1117 1099 1196 δέ,
1127 1117 1170 1180 ὅτι

154 1213 223 1276 ὡσεί
235 1215 350 1295 τύμβον
363 1214 395 1276 τὸ
409 1223 545 1276 τοιοῦτον
560 1213 714 1293 ἀνάστημα
730 1213 779 1275 ἐπλ
796 1219 927 1294 κεφαλῆς
945 1213 1051 1294 ἔχουσι.
1085 1214 1168 1295 φέρε·
1185 1237 1209 1276 ιο

155 1337 202 1373 ται
220 1310 252 1373 δὲ
270 1311 319 1373 ἐπί
336 1312 449 1373 τούτων
467 1310 518 1372 καλ
536 1313 648 1391 ἱστορία
667 1314 800 1390 τοιαύτη·
823 1312 866 1373 ὅτι
884 1313 941 1392 πρὸ
959 1321 1013 1373 τού
1030 1311 1172 1395 γενέσθαι

153 1410 210 1489 τὴν
227 1419 285 1490 γῆν
304 1409 460 1491 γεγόνασιν
478 1402 577 1469 αύταιΙ
602 1408 713 1489 συνέβη
732 1419 806 1490 γοῦν
824 1432 893 1471 ποτε
912 1409 1012 1471 αὐτῶν
1028 1409 1081 1471 τὸν
1098 1409 1172 1492 πρύ-

155 1529 247 1588 γονον
260 1505 439 1584 ἀποθανεῖν,
457 1505 506 1567 καλ
525 1517 580 1589 γῆς
598 1506 638 1585 μὴ
654 1505 746 1587 ούσης
763 1506 858 1586 ἐτάφη
872 1506 947 1589 ύπὲρ
963 1517 1017 1586 τῆς
1034 1517 1173 1588 κορυφῆς

155 1614 208 1665 τοῦ
228 1605 307 1665 ἰδίου
326 1604 431 1684 γόνου·
451 1605 498 1666 διὸ
516 1603 567 1664 καλ
584 1603 783 1684 ἕπιτυμβίδιυι
801 1604 1018 1684 ἐπεκλήθησαν.
1120 1677 1123 1684 .

48 1713 187 1761 Ηιυελτ
224 1723 252 1781 g,
277 1700 502 1781 ἧλαίνονταιτ
532 1700 704 1782 ρέμβονται,
726 1707 907 1764 πλανῶνται·
931 1702 989 1764 ἀπὸ
1013 1711 1067 1782 τῆς
1090 1700 1209 1782 άλης.ισ

157 1801 237 1879 ὅμως
255 1799 307 1861 καλ
317 1792 412 1860 αὗται
430 1797 600 1881 ἠρεμοῦσιν.

50 1926 169 1974 num
224 1918 274 1976 24.
300 1914 383 1993 μετὰ
408 1909 496 1975 δαῖτ’
521 1913 685 1994 άκλητοςε
712 1912 770 1995 <ού
793 1915 848 1996 γὰρ
872 1914 1018 1997 άκλητος)
1041 1917 1069 1977 εί
1089 1915 1174 1978 ύστε-

156 2014 253 2097 ρήσει,
273 2019 381 2095 μοῖραν
399 2012 528 2089 εὑρίσκει
546 2023 605 2074 τῶν
624 2023 726 2094 κρεῶν.
763 2011 783 2094 ἢ
804 2014 887 2094 μετὰ
910 2015 1015 2075 δαῖτα
1036 2014 1173 2093 κλητύς.

157 2111 189 2173 ot
199 2110 255 2194 γάρ
268 2108 442 2190 κεκλημένοι
456 2111 649 2172 σπεύδουσιν·
664 2109 713 2172 ε’πλ
727 2109 758 2172 δὲ
772 2121 831 2173 τῶν
845 2111 1058 2192 βραδυνόντων
1068 2131 1174 2192 παροι-

157 2209 221 2288 μία·
246 2205 337 2281 ’ὅστις
359 2207 407 2268 ἐπὶ
426 2210 548 2270 δεῖπνον
567 2206 625 2287 ὀψὲ
643 2208 765 2288 κληθείς
784 2208 907 2290 ἔρχεται,
931 2207 1061 2288 ἢχωλός
1084 2207 1174 2290 ἔστιν,
1187 2233 1209 2272 ιο

157 2303 178 2386 ἢ
196 2305 233 2367 ού
252 2307 356 2366 δίδωσι
375 2303 545 2386 συμβολάςῖ

119 2423 149 2477 1⁸
226 2424 276 2482 25.
295 2418 424 2500 <λανὸν
443 2421 533 2498 ἔπιε)
554 2421 619 2500 ἤτοι
638 2421 684 2483 ἐπί
703 2422 822 2504 τρύγην.

52 2546 189 2594 mum
228 2540 301 2596 26a.
330 2545 423 2596 πᾶσα
450 2536 567 2608 λίθοςι
597 2537 667 2609 ἴσως
695 2536 744 2597 διὰ
771 2537 825 2614 την
843 2537 1006 2616 εὐμουσίαν
1024 2548 1078 2600 τοῦ
1100 2541 1173 2605 Θεο-

229 2699 256 2741 11
274 2688 322 2742 Ar.
337 2689 386 2742 Av.
402 2693 452 2741 471
462 2705 522 2758 sqq.
596 2689 693 2744 Galen.
712 2689 730 2743 l.
749 2688 769 2743 1.
876 2701 904 2744 ιν
922 2690 1173 2763 Paroemiographi

160 2761 268 2831 (Δροσί.
285 2765 318 2812 1⁶
326 2761 354 2829 g)

230 2914 243 2955 1
261 2901 360 2956 ordine
382 2902 492 2958 inverso
516 2902 559 2959 ὅτι
581 2905 627 2959 ἐπὶ
649 2925 672 2959 τ.
691 2925 715 2958 κ.
741 2905 832 2959 ἔουσι
854 2924 877 2958 τ.
896 2923 924 2958 π.
949 2902 966 2973 ἢ
989 2913 1049 2967 τοῖς
1071 2905 1173 2974 τάφοις

159 2971 384 3044 ἐνδιατρίβουσιυ
393 2979 429 3025 11⁸
500 2985 514 3027 8
528 2975 725 3042 κορυδαλλίδες
739 2925 771 3030 δλ
780 2983 815 3029 K:
831 2974 1058 3042 κορυδαλλίδεσσι
1071 2979 1137 3031 συλλ

159 3044 325 3113 παρά-τὴν
338 3046 465 3114 κεφαλὴν
478 3047 571 3102 αὐτῶν
585 3054 621 3101 K:
636 3045 771 3109 διὰ-τάς
784 3046 909 3115 κεφαλάς
923 3049 989 3101 τελλ.
1062 3058 1077 3099 θ
1092 3042 1172 3114 ἕρπε-

159 3123 210 3170 τού
228 3122 260 3169 1²:
280 3111 418 3183 ύρνύουΤ
491 3127 503 3169 7
523 3117 644 3184 ἐνδιατρ.
659 3117 774 3172 Reiske:
794 3121 882 3186 διατρ.
904 3118 984 3172 codd.
1057 3128 1085 3171 1¹
1104 3125 1173 3189 γοῦν

160 3193 192 3241 1³:
212 3187 242 3241 δὲ
262 3193 281 3238 Τ
391 3197 419 3240 15
441 3189 527 3243 verba
549 3189 605 3243 ἀπὸ
627 3195 678 3257 τῆς
695 3188 763 3258 άλης
780 3189 810 3241 in
828 3188 908 3242 libris
927 3191 993 3243 ante
1011 3191 1174 3245 πλανῶνται

159 3258 305 3328 leguntur,
324 3261 430 3328 transp.
449 3259 558 3313 Ahxons
647 3270 674 3312 17
693 3259 712 3313 1.
732 3259 800 3328 μετά
818 3264 902 3314 δαῖτα
920 3258 1018 3329 κλητύς
1036 3260 1067 3313 in
1084 3259 1173 3327 libris,

161 3345 230 3383 corr.
246 3328 352 3384 Ahrens
371 3329 457 3384 verba
475 3330 623 3399 sequentia
641 3330 724 3384 simul
743 3330 867 3386 adiciens
945 3341 974 3383 18
992 3327 1068 3384 δαῖτ’
1089 3331 1173 3401 άκλη-

160 3420 208 3462 τος
225 3400 315 3467 οοδδ,
335 3418 404 3456 corr.
418 3401 507 3455 Adert
605 3412 635 3455 28
652 3411 701 3456 τοῦ
723 3399 875 3468 Θεοκρίτου
893 3402 961 3470 φησί
980 3406 1015 3456 U:
1033 3411 1083 3456 τοῦ
1104 3405 1173 3458 Θεο-

161 3469 259 3540 κρίτου
280 3472 318 3535 ὡς
335 3480 371 3526 K:
394 3480 445 3527 τοῦ
466 3469 618 3540 Θεοκρίτου
640 3481 723 3527 τοῦτο
746 3468 823 3526 εἶπεν
846 3472 884 3534 ὡς
901 3475 934 3544 (φ
952 3472 1072 3542 Ahrens)
1089 3473 1173 3528 verbo

162 3544 232 3614 φησί
248 3546 314 3614 post
332 3541 432 3608 λίθους
449 3544 567 3599 traiecto
585 3550 617 3599 P:
639 3541 788 3611 Θεόκριτόν
806 3559 875 3613 φησι
893 3545 959 3597 cett.
