2438 3870
423 129 535 186 Scholia
553 132 566 184 I
581 131 778 202 105J106b-lz
1065 133 1109 197 65

159 300 187 359 b.
211 292 256 360 οδ
280 297 458 381 λέγεταιε
484 300 575 361 λείπει
598 299 630 362 τὸ
653 299 790 378 αἰσχῦναι
813 297 867 375 τὴν
891 299 1067 380 Ἀφροδίτην
1091 295 1134 360 δε

92 397 232 479 Άίκίσοο

159 525 183 566 ο.
201 502 284 567 όίλλοι
303 497 331 565 δ’
348 504 384 567 οό
403 504 667 586 προσυπακοόουσι
685 503 716 564 τὸ
736 503 879 583 αἰσχῦναι.
1116 514 1216 559 tem

158 612 185 672 d.
206 609 222 672 δ
240 610 410 692 βωκόλοςε
429 611 574 691 βουκόλος
592 609 608 672 δ
625 611 756 691 Ἀγχίσης
775 607 929 671 δΑίνείου
947 610 1055 692 πατήρ,
1073 607 1152 684 δςΡΤ

63 708 164 770 εκατὰ
182 708 238 788 την
253 706 339 788 Ἴδην
360 707 446 791 ἐμίγη
466 709 622 792 Ἀφροδίτῃ
641 707 690 769 καί
710 708 835 769 Αίνείαν
854 706 1017 788 ἐγέννησεν.

157 838 180 878 ο.
204 813 294 899 έρπε
316 808 397 876 ποτ’
415 814 535 876 Ἴδανε
559 814 624 876 ἀντὶ
643 825 695 876 τοῦ
714 813 825 878 όίπελθε
847 816 922 897 πρὸς
945 815 999 895 την
1013 811 1215 894 Ἴδηνλῦὶλῐ

90 911 130 987 όις
159 913 227 994 ἑξῆς
255 911 397 996 ἐπιφέρει·
431 912 498 995 έρπε
526 913 601 994 πρὸς
627 913 679 974 τὸν
707 913 853 993 βουκόλον
881 914 1024 994 Ἀγχίσην.
1058 913 1108 976 καί

81 1008 213 1094 Ὅμηρος
232 1006 275 1093 (Ε
290 1006 382 1094 313)·
407 1009 437 1090 ‘ti
457 1035 509 1090 μιν
527 1005 580 1072 ὑπ’
598 1006 716 1096 Ἀγχίση
736 1009 798 1072 τέκε
817 1008 1026 1092 βουκολέοντι.’

157 1113 177 1170 f.
195 1105 271 1190 Ἴδη
296 1108 364 1191 όρος
385 1110 499 1190 Τροίας.
539 1110 682 1170 δύνανται
705 1107 736 1170 δέ
760 1109 810 1170 καί
828 1111 925 1172 πάντα
943 1109 978 1171 τδι
998 1107 1053 1191 όρη
1071 1122 1194 1197 τῇελετ

52 1226 78 1266 ιο
86 1204 168 1287 Ἴδης
185 1209 369 1292 προσηγορίᾳ
387 1213 543 1268 καλεῖσθαι
561 1206 620 1270 ἀπὸ
639 1217 692 1268 τοῦ
712 1207 762 1286 ίδη
776 1204 795 1286 ἡ
810 1209 923 1288 βοτάνη
941 1206 961 1288 ἢ
980 1206 1108 1272 ἀπὸτοῦ

89 1305 166 1367 ίδεῐν
184 1304 235 1366 καί
253 1306 436 1366 θεάσασθαι·
460 1299 514 1383 ἀφ’
531 1305 654 1385 ὑψηλοῦ
674 1307 729 1388 γάρ
748 1329 792 1380 τις
811 1306 965 1385 ἱστάμενος
983 1308 1108 1378 δύναται

88 1401 190 1484 πόρρω
209 1402 292 1464 ίδεῖν.
325 1408 454 1464 καλεῖται
473 1401 504 1465 δὲ
516 1399 581 1484 Ἴδη
600 1403 650 1465 καί
670 1403 737 1484 όρος
756 1404 883 1485 Κρήτης.

157 1522 185 1580 g.
203 1499 302 1579 τηνεὶ
321 1502 339 1561 δ
344 1501 438 1583 ρόες·
459 1501 554 1583 δρύες,
569 1501 641 1579 ὥστε
655 1501 772 1566 σκέπειν
784 1509 824 1586 τῷ
836 1498 953 1588 Ἀγχίση
966 1521 1104 1585 συνερχο-
1114 1516 1213 1562 mn

89 1595 184 1678 μένην
207 1599 314 1678 αὐτήν·
338 1599 566 1681 εἰρωνευόμενος
589 1597 621 1661 δὲ
644 1599 725 1682 λέγει.
763 1599 861 1678 τηνεί
884 1599 950 1662 ἀντὶ
968 1611 1020 1663 τοῦ
1039 1600 1105 1663 ἐκεῖ.

47 1715 73 1756 ιο
156 1698 185 1757 h.
204 1688 253 1757 ὧδ
257 1721 271 1758 ε
289 1698 475 1779 κόπειροςε
494 1697 603 1760 ένθοίδε
617 1697 739 1777 ταπεινὴ
752 1699 863 1778 βοτοίνη
877 1697 927 1760 καί
938 1697 1105 1775 ἀναπεπτα-
1116 1712 1194 1756 tm

88 1792 178 1874 μένος
197 1792 212 1855 δ
230 1792 298 1877 ἀήρ,
317 1793 366 1856 καί
386 1795 422 1856 οὐ
442 1795 559 1880 δυνήση
578 1800 683 1856 λαθεῖν
702 1797 944 1868 συνουσιάζουσα.

156 1895 175 1954 i.
195 1892 294 1972 τηνεί
313 1895 331 1952 δ
336 1894 429 1974 ρόεςε
445 1893 515 1955 ὥστε
527 1892 645 1955 σκέπειν
657 1912 690 1956 σε
701 1892 919 1975 συνερχομένην
930 1901 969 1980 τῷ
977 1888 1102 1980 Ἀγχίση.
1114 1909 1149 1952 PT

88 1990 222 2052 ἐνταῦθα
241 1988 273 2053 δέ
291 1990 415 2069 ταπεινὴ
433 1992 545 2071 βοτάνη
565 1991 615 2052 καί
633 1991 675 2071 μὴ
695 1989 846 2070 δυναμένη
865 1988 983 2052 σκέπειν
1002 2010 1041 2053 σε.

156 2091 184 2150 k.
205 2080 270 2150 ὧδε
288 2090 472 2168 κόπειροςε
491 2090 631 2171 κύπειρος
648 2089 825 2169 χαμαίζηλος
843 2087 910 2149 πόα.
936 2087 968 2148 τὸ
988 2087 1020 2150 δὲ
1039 2080 1104 2150 ὧδε

44 2205 73 2246 κο
88 2186 155 2248 ἀντί
173 2196 225 2248 τοῦ
244 2186 311 2248 ἐκεῖ.
339 2187 480 2267 κύπειρόν
498 2210 575 2260 τινες
593 2187 625 2248 τὸ
644 2180 714 2264 παρ’
732 2183 804 2264 ἡμῖν
823 2185 972 2266 βούτομόν
991 2204 1073 2264 φασι.

160 2357 251 2412 esch.
270 2357 345 2410 XVII
364 2364 476 2411 9-12e
556 2358 613 2412 seh.
632 2358 657 2410 Α
676 2361 768 2411 Δ415
848 2356 905 2410 seh.
924 2356 1005 2412 Pind.
1022 2356 1102 2411 Nem.

87 2431 114 2484 X
129 2435 179 2482 132
234 2429 291 2482 seh.
306 2428 368 2482 Nic.
383 2429 464 2483 Ther.
476 2434 540 2495 5853
559 2429 601 2483 Al.
614 2434 665 2481 220
721 2427 833 2482 Cornut.
848 2427 945 2482 Theol.
961 2447 1001 2498 gr.
1013 2444 1102 2496 comp.

88 2501 257 2570 5,17Leng
323 2499 444 2568 Heeyeh.
461 2499 524 2562 ίδας
588 2500 708 2569 Heeyeh.
724 2500 803 2554 Phot.
819 2499 896 2553 Suid.
912 2498 958 2568 ίδη
1021 2499 1102 2552 Phot.

87 2571 161 2626 Bibl.
176 2577 254 2625 534a
268 2577 301 2624 16
316 2571 426 2626 Bekker
481 2571 539 2626 Eel.
555 2571 654 2641 (Crem.
669 2572 721 2624 An.
737 2571 786 2626 Ox.
801 2573 954 2639 11450,2e)
1008 2570 1053 2624 Et.
1064 2570 1101 2623 M.

87 2649 149 2711 465,
165 2648 198 2696 52
214 2643 258 2712 (ef.
275 2641 352 2708 Gen.)
416 2642 460 2695 Et.
476 2642 547 2697 Gud.
563 2649 623 2710 270,
639 2649 680 2696 22.
697 2648 730 2696 35
747 2642 825 2696 Sturz
886 2641 964 2695 Euet.
980 2647 1040 2706 353,
1056 2647 1102 2707 123

88 2719 150 2782 τοο,
165 2719 212 2780 43;
233 2718 293 2781 eet,
309 2719 355 2780 353
376 2719 453 2779 1351,
470 2719 502 2766 τε

159 2872 428 2942 (κάντὶ-ἐπιφέροι
446 2878 534 2927 οιο.Τ
606 2873 669 2927 ἀντὶ
692 2881 742 2927 τοῦ
767 2872 872 2926 όίπελδε
895 2871 1006 2941 (ἔπελθε
1031 2865 1102 2936 αδδ,

88 2961 156 3000 corr.
172 2944 289 3014 Ziegler)
308 2941 379 3012 πρὸς
396 2951 431 2998 K:
451 2944 576 3011 ἀπῆλθε,
595 2946 677 3011 δηλοῖ
694 2943 725 2998 δὲ
744 2946 819 2996 em
910 2953 922 2994 ε
943 2940 1100 3011 ἕρπε-Ὅμ.

86 3024 123 3070 K:
147 3015 212 3083 έρπε
235 3013 299 3070 ποτ’
319 3013 399 3070 Ἴδαν
422 3012 556 3085 (Ἀγχίσου
579 3013 667 3083 Cast).
687 3012 836 3138 χλουκόλον
858 3013 889 3067 δέ
913 3014 963 3067 τὸν
981 3011 1102 3084 Ἀγχίσην

80 3086 141 3157 Ὅμ.
162 3105 248 3178 φησιν
267 3089 331 3140 cett.
416 3097 430 3139 8
449 3084 634 3156 βουκολέοντα
653 3102 685 3139 eo
707 3087 733 3138 d.
753 3085 868 3138 Theoer.
941 3092 1007 3155 θτη
1026 3084 1103 3151 Ἴδης

85 3166 119 3214 1²:
133 3167 183 3229 της
208 3162 272 3227 Ιδης
285 3161 346 3210 EA:
361 3165 410 3227 τῆς
423 3155 499 3224 Ἴδης
511 3165 544 3228 τῇ
561 3163 580 3208 1·
651 3167 679 3209 18
699 3158 784 3211 ἐκεῖσε
798 3155 1101 3224 poetl.edd.GEA(1')

85 3233 184 3299 postea
208 3226 423 3298 εἰρωνευόμενος
446 3245 524 3298 seqq.¹
547 3227 801 3296 praetermittentes
878 3230 916 3300 τῷ
935 3223 1040 3296 Ἀγχίση
1064 3233 1100 3280 K:

84 3303 135 3355 τὸν
153 3299 282 3371 Ἀγχίσην
304 3303 365 3354 cett.
435 3296 639 3370 σονερχομένην
663 3298 752 3366 αὐτόν
775 3299 886 3367 scripsi:
911 3295 1101 3369 συνερχομένηι
1170 3342 1172 3346 ⁴

86 3370 157 3442 αὕτη
177 3380 212 3426 Κι
233 3369 435 3441 συνερχόμενον
453 3372 523 3439 αὐτῇ
544 3373 605 3423 eett.
691 3379 719 3423 15
738 3368 972 3437 ἀναπεπαυμένος
990 3371 1065 3422 em

85 3454 113 3496 11
133 3460 163 3498 σε
182 3449 271 3498 om.1’
325 3441 527 3511 σονερχομένην
547 3440 628 3494 Cast:
654 3440 855 3512 συνερχόμενον
874 3447 905 3493 T:
931 3455 1101 3508 συνεισερχο-

86 3513 154 3583 μένη
173 3519 193 3566 1²
264 3524 292 3566 le
310 3514 444 3579 κύπειρον
463 3511 492 3564 in
511 3510 529 3564 l.
545 3511 625 3566 codd.

141 3611 246 3652 Senem
260 3623 285 3652 ne
299 3613 457 3652 Tazoomwu
471 3620 515 3648 ree.
526 3610 647 3650 Wendel
923 3604 938 3651 ὁ
