2438 3870
396 115 521 171 ,Scholia
539 117 744 188 vnsssn-o
1031 114 1071 178 81

128 308 162 348 n..
179 277 238 365 <⁵1³1
259 279 287 366 γ’.
302 282 580 365 -ένερεισάμενος
602 281 712 368 πέτρμ
733 279 854 364 γόνυι)
876 278 917 356 ὣς
934 283 1077 362 γενναίως

57 384 265 466 προσκαθίσας
292 392 327 467 τή
346 380 469 467 πέτρα..
490 380 578 456 τινές
593 380 624 443 δέ
650 380 757 460 φασιν,
777 379 837 442 Ιότι
855 381 887 441 οἶ
904 379 1076 452 στενωποὺς

60 481 239 564 ὀρύσσοντες·
257 480 291 543 τὸ
314 478 464 561 μὲνγόνυ
488 479 633 560 έρείδουσι
655 489 690 564 τή
714 489 766 563 γῇ,
784 485 830 562 ,τῷ
849 476 880 539 δέ
901 476 988 564 έτέριμ
1003 472 1077 538 ’ποδί

60 580 94 642 τὸ
113 578 315 657 σκωπτόμενον
328 577 579 657 ὑπολαμβάνουσι
595 587 684 657 ,χῶμα
706 576 757 651 καὶ
768 575 870 639 ’ὀπίσω
890 575 989 636 αὑτῶν
1008 576 1077 636 διω·

34 684 198 744 ιθοῦνται.
227 677 322 749 οὕτως
336 669 391 737 οὖν
406 675 456 736 καὶ
471 669 557 748 οὗτος
575 675 847 757 ένερεισάμενος
865 673 972 758 πέτρᾳ
986 673 1077 755 γόνυ

60 785 96 860 τῇ
117 776 256 859 συνεργία
274 773 404 854 θατέρου
422 773 515 846 ποδὸς
533 773 588 852 τήν
606 774 721 854 κρήνην
739 768 885 852 ἐποίησεν.
952 803 953 808 ¹

62 933 64 936 ·
130 912 155 952 0.
179 891 377 971 Βοόρειαν
395 887 435 963 ὃς
457 889 652 962 έκποδόςι
677 889 722 950 ὅτε
741 887 757 950 ό
777 889 909 949 Χάλκων
928 887 1123 967 ἕβασίίευεετ

56 999 120 1050 τῶν
138 984 247 1072 Κρέων,
271 986 383 1069 εὑρέθη
402 988 434 1049 έν
452 1011 510 1048 τινι
531 988 681 1072 τόπιμτής
700 991 752 1046 Κῶ
771 983 790 1065 ή
809 985 905 1067 πηγή,
928 983 967 1064 ήν
985 994 1043 1045 νῦν
1062 983 1077 1045 ὅ
1115 1024 1117 1027 -

65 1087 221 1167 Θεόκριτος
245 1085 334 1167 λέγει,
358 1085 399 1164 μή
422 1085 563 1167 πρότερον
587 1077 669 1145 οὖσα.
706 1082 816 1164 εὑρέθη
836 1081 999 1154 δέὀότωςμ
1025 1080 1078 1142 άν-

22 1211 48 1249 ιο
61 1183 194 1266 ηγγέλθη
214 1190 253 1267 τῷ
273 1187 392 1264 βασιλεῖ
408 1184 489 1262 παρά
512 1206 591 1255 τινος
614 1192 672 1242 τῶν
690 1181 756 1265 περὶ
779 1192 870 1243 ταῦτα
893 1181 1010 1258 δεινῶν,
1034 1180 1078 1241 ότι

62 1283 172 1354 όδατος
191 1280 311 1354 ὁτόπος
329 1281 440 1353 ἐκεῖνος
459 1280 622 1360 ἕνδομυχεῐ.
652 1279 701 1341 καὶ
721 1279 887 1359 όβασιλεὺς
906 1278 1076 1340 αὐτεπιστα-

62 1380 153 1459 τήσας
167 1385 207 1464 τῷ
220 1379 304 1464 τόπῳ
320 1379 532 1460 ηὐτούργησεν,
551 1378 605 1439 ὅσα
620 1377 765 1439 συνέτεινε
779 1377 853 1459 πρὸς
870 1376 925 1454 τήν
939 1386 990 1436 τοῦ
1005 1375 1078 1436 όδα-
1140 1389 1142 1396 ·

63 1501 112 1550 τος
131 1477 259 1558 έκρηξιν.
296 1486 382 1538 τοῦτο
402 1470 457 1538 οὖν
476 1478 565 1555 δηλοῖ
581 1475 612 1536 τὸ
625 1472 672 1557 1ὃς
694 1475 731 1536 ἐκ
753 1475 867 1547 ποδὸς.
886 1472 971 1551 άνυε
994 1473 1077 1553 κρά-

62 1599 144 1652 ναν,
163 1576 207 1636 ότι
227 1574 241 1636 δ
256 1576 384 1635 Χάλκων
401 1574 450 1635 διὰ
464 1584 522 1634 τῶν
542 1575 657 1634 οἰκείων
671 1575 774 1634 ποδῶν
788 1571 838 1633 καί
852 1566 891 1634 δι’
904 1571 1077 1646 αότεπιστα-

23 1696 48 1738 ιε
64 1675 129 1747 σίας
143 1672 264 1753 ήνυσεν,
283 1671 378 1755 ήγουν
392 1673 598 1755 κατειργάσατο
614 1671 664 1732 καὶ
678 1671 866 1758 κατώρθωσε,
884 1670 938 1750 τήν
952 1670 1076 1754 κρήνην.
1120 1715 1121 1718 ,

62 1771 94 1832 τὸ
110 1769 141 1832 δὲ
156 1764 194 1832 εὖ
213 1770 482 1852 εὐερεισάμενος
501 1769 608 1854 πέτρᾳ
626 1771 713 1851 γόνυ
727 1769 813 1829 τοῦτό
827 1768 916 1848 ἐστιν,
931 1768 975 1830 ότι
988 1768 1078 1854 αὐτὸς

63 1869 240 1948 ὁΧάλκων,
269 1869 334 1949 οὐχὶ
361 1867 549 1949 ὀρθοστάδην
576 1869 742 1946 ἱστάμενος,
770 1865 842 1926 ἀλλὰ
868 1867 945 1927 οότω
969 1867 1078 1944 δεῆσαν

62 1969 185 2046 κάμψας
208 1967 240 2028 τὸ
263 1967 337 2047 γόνυ
361 1966 410 2028 καὶ
433 1971 529 2038 καλῶς
552 1965 676 2046 ἕδράσας
698 1963 748 2024 καὶ
774 1964 910 2043 στηρίξας
933 1972 1018 2023 τοῦτο
1041 1973 1076 2047 τῇ

62 2064 152 2149 πέτρᾳ
171 2074 206 2148 τῇ
225 2065 300 2146 πρὸς
318 2076 353 2149 τῇ
373 2064 469 2149 κρήνη
488 2061 633 2142 αὐτοχειρὶ
651 2060 848 2142 κατεπράξατο
865 2059 919 2137 τήν
933 2068 985 2120 τοῦ
1004 2059 1077 2120 όδα-

22 2186 49 2226 εο
62 2187 112 2235 τος
132 2163 257 2244 έκρηξιν.
506 2164 509 2170 ’

131 2260 284 2340 Βοόρεια
304 2257 345 2334 δέ,
365 2257 409 2317 ὅτι
423 2256 481 2317 άπὸ
495 2262 626 2336 κεφαλῆς
640 2256 710 2335 βοὸς
726 2255 758 2316 ἐκ
772 2255 862 2316 λίθου
876 2253 1078 2334 πεποιημένης

63 2357 159 2419 ἐδόκει
177 2356 209 2415 τὸ
229 2356 310 2434 ίίδωρ
330 2355 425 2436 ἐκρεῖν
445 2355 521 2415 οότω
539 2363 592 2414 τοῦ
606 2356 767 2428 Χάλκωνος
786 2353 1034 2434 μηχανησαμένου
1048 2377 1077 2415 τε
1174 2359 1176 2362 ⁴

62 2452 112 2515 καὶ
136 2453 415 2525 κατασκευάσαντος.
452 2450 471 2530 ή
490 2452 617 2533 Βοόρεια
639 2450 658 2531 ή
682 2453 851 2533 πολόρρους
873 2451 1001 2514 ἀπὸτοῦ
1021 2451 1078 2532 βου

63 2551 230 2612 ἕπιτατικοῦ
255 2551 360 2632 μορίου
383 2549 433 2610 καὶ
455 2559 508 2610 τοῦ
532 2548 596 2630 ῥέω.
633 2552 776 2633 Νικάνωρ
800 2549 832 2612 δέ
856 2549 871 2612 ὃ
893 2555 980 2635 Κῷος
1002 2551 1077 2612 ὑπο-

22 2673 49 2714 εσ
64 2650 251 2729 μνηματίζων
266 2649 417 2729 Βοόριναν
431 2647 486 2726 τήν
500 2648 615 2727 κρήνην
628 2653 715 2710 καλεῖ.
745 2652 896 2728 συμβῆναι
914 2649 969 2730 γάρ
984 2666 1078 2727 φησιν

63 2748 93 2825 ἐξ
113 2747 279 2826 αὐτομάτου
298 2746 345 2807 καὶ
367 2746 526 2825 αὐτοφυῶς
544 2747 615 2825 βοὸς
632 2746 692 2827 ρἰνὶ
711 2747 917 2827 παραπλήσιον
931 2740 1008 2806 είναι
1026 2746 1077 2808 τὸν

189 2843 206 2865 ἰ

63 2845 165 2922 τόπον,
184 2855 213 2918 εξ
233 2838 268 2905 οὗ
288 2844 343 2920 τήν
361 2846 477 2924 κρήνην
496 2843 655 2926 ἕκραγήναι
674 2842 689 2904 ό
708 2845 835 2904 Χάλκων
854 2843 999 2922 ἐποίησεν.

64 2980 167 3035 chalco
191 2981 297 3034 fontem
320 2981 418 3033 elicuit
439 2983 489 3033 aut
508 2997 541 3034 ex
560 2980 619 3034 solo
638 2983 741 3042 terras¹
766 2981 807 3034 ita
825 2982 857 3034 ut
875 2998 985 3033 sursum
1004 2997 1077 3050 aqua
1119 3009 1121 3014 ·

64 3050 169 3118 saliret,
185 3055 235 3106 aut
249 3069 264 3105 e
278 3053 381 3106 montis
396 3051 547 3117 radicibus,
562 3052 604 3105 ita
618 3055 650 3105 ut
664 3052 793 3105 deorsum
809 3053 855 3105 ‘ex
869 3051 938 3104 alto’
955 3052 1075 3105 caderet.

136 3152 148 3193 1
167 3158 269 3195 novum
287 3141 306 3194 l.
321 3141 386 3193 add.
400 3141 517 3206 Ahrens‚
536 3143 600 3208 post
619 3141 655 3202 ὡς
669 3147 692 3192 Κ
711 3141 776 3194 add.
795 3143 826 3195 ἐκ
845 3139 940 3205 ποδός,
959 3140 976 3194 l.
992 3143 1024 3192 ut
1038 3141 1077 3192 vi-

64 3212 147 3265 detur
166 3229 181 3265 e
200 3212 306 3266 scholio
324 3230 353 3264 m
371 3212 443 3264 falso
461 3213 614 3279 repetitum
686 3222 700 3263 κ
720 3212 787 3278 quid
803 3211 936 3266 στενωποί
948 3212 1002 3265 hoc
1015 3211 1076 3265 Ιοοο

64 3283 233 3352 significent,
252 3283 401 3336 obscurum
474 3293 485 3334 7
505 3282 662 3352 ἐβασίλευσε
679 3290 698 3334 Τ
770 3294 784 3336 8
803 3282 947 3352 ἥν-ίίγει
966 3282 1076 3351 scripsi:

64 3348 206 3422 ής-ίέγει
225 3355 318 3408 codd:
338 3349 542 3421 ής-μέμνηται
561 3353 628 3406 Call.
714 3365 729 3406 9
749 3351 818 3409 οόσα
838 3353 918 3408 Galla
938 3350 1026 3408 οὖσαν
1045 3359 1075 3404 T:

65 3424 182 3493 οόσηςΡ
254 3436 281 3478 18
296 3424 520 3495 γοῦν-άνυσεΤ
591 3435 619 3477 21
634 3425 803 3492 ΒοόρειανΤ
844 3436 903 3478 -25
919 3425 1077 3492 Βοόρριναν

64 3494 185 3549 Ahrens:
206 3497 327 3563 Βοόρριν
345 3497 393 3550 καί
413 3495 491 3548 codd.
565 3506 594 3546 26
612 3495 768 3563 πλησίονΡ
825 3537 828 3545 .

120 3595 225 3635 Scflom
239 3605 264 3633 m
279 3596 436 3633 Tssoomun
450 3605 494 3633 rso.
504 3593 623 3634 Wsndel
901 3590 916 3637 6
