2438 3870
151 129 240 186 XXVI
527 131 666 186 Praefatio
685 133 731 186 111.
751 131 789 186 IV

221 292 253 347 τὸ
277 289 366 362 ἄλγε’
388 293 482 346 ἄειδε
505 302 603 363 τριχῶς
621 290 738 361 εὕρομεν
756 291 947 361 γεγραμμένον
967 291 997 347 έν
1015 301 1074 355 τοῖς
1091 291 1162 362 παρ’

150 367 217 436 ἡμῖν
232 363 428 433 ἀντιγράφοις·
448 364 577 432 δηλονότι
592 361 680 433 ἄλγε’
699 363 813 425 decess
828 395 861 403 -
875 364 924 418 uel
938 363 1010 433 λέγει
1022 364 1055 419 τὸ
1070 363 1165 429 dardos

150 438 215 491 duri
236 444 286 490 τοῦ
309 433 399 505 λέγοις
422 433 458 490 ἂν
477 441 618 502 Δωρικῶς,
641 435 689 489 καὶ
713 434 755 490 ὅτι
778 435 809 489 τὸ
833 433 886 505 γὰρ
910 435 1040 502 παρέλκει
1060 468 1094 476 -
1113 438 1164 491 καὶ

151 505 240 577 ἄλγε’
263 506 358 561 ἄειδε
381 507 444 561 ἀντὶ
463 515 512 560 τοῦ
531 505 605 576 λέγε,
628 507 677 561 nal
696 506 798 576 ἄλγεα
818 503 921 575 εἶδες,
945 505 959 561 ὃ
979 507 1027 561 καὶ
1046 506 1164 578 βέλτιον.

218 622 291 682 (lum
314 623 387 682 haec
411 623 524 696 omnia,
548 641 624 697 quae
643 621 803 701 Gallierges
827 623 875 680 vel
897 624 1026 681 mutavit
1044 623 1092 681 vel
1111 642 1164 682 no·

150 713 246 788 verit,
270 715 431 788 postquam
451 712 565 771 codices
584 711 643 787 ipsi
661 716 798 771 accurate
816 713 1013 770 innotuerunt
1031 714 1164 786 praeter·

149 802 296 861 mittenda
311 803 379 875 sint,
398 803 585 861 coniecturae
600 802 744 878 egregiae,
763 800 870 876 quibus
884 803 931 859 vir
944 801 1064 878 linguae
1078 821 1163 878 grae·

150 910 201 951 eae
220 890 417 967 peritissimus
432 890 512 949 haud
525 909 636 966 paucos
650 891 730 949 locos
744 893 899 966 corruptos
913 891 1092 965 emendavit,
1111 910 1163 949 no·

150 1001 218 1041 men
237 983 299 1040 eius
320 999 385 1039 cum
405 979 525 1039 scholiis
544 979 726 1038 Theocriteis
745 980 947 1038 consociatum
966 979 1135 1039 servabunt.

629 1175 682 1234 IV.

219 1283 519 1360 Technopaegnia
542 1301 618 1358 quac
641 1285 787 1341 vocantur
806 1283 853 1341 vel
871 1283 989 1359 singula
1007 1283 1055 1340 vel
1074 1283 1163 1359 plura

151 1391 211 1430 non
230 1372 326 1431 solum
345 1374 376 1429 in
395 1371 516 1447 optimis
536 1371 760 1447 quibuscunque
779 1372 928 1430 codicibus
942 1371 1093 1446 bucolicis,
1111 1372 1162 1430 sed

151 1463 241 1519 etiam
260 1461 291 1518 in
310 1460 490 1520 editionibus
507 1460 723 1536 antiquioribus
738 1461 807 1518 inde
821 1479 839 1518 a
854 1459 999 1537 (lallierge
1013 1479 1109 1535 usque
1124 1461 1161 1518 ad

151 1551 309 1609 Heinsium
328 1550 480 1608 Theocriti
498 1549 678 1609 cauninibus
693 1549 809 1608 adiecta
823 1549 971 1626 leguntur.
1003 1552 1163 1625 postquam

151 1658 221 1698 vero
246 1639 297 1714 qui
321 1639 446 1698 editioni
465 1637 624 1697 (laoniensi
646 1658 723 1696 auno
744 1639 829 1697 1676
850 1640 975 1697 emissae
995 1643 1161 1714 praeerant,

152 1748 187 1788 ea
196 1729 397 1806 neglexerunt,
408 1728 613 1786 desiderantur
621 1730 653 1785 in
663 1727 843 1786 editionibus
853 1728 1066 1786 recentioribus
1077 1747 1162 1802 prae·

150 1821 198 1877 ter
215 1817 443 1895 Kiesslingii,
463 1815 589 1891 Gailii,
609 1816 803 1891 Duebneri,
822 1817 875 1893 qui
890 1816 1036 1876 Fistulam
1055 1817 1162 1874 saltem

152 1927 170 1966 a
187 1897 310 1982 reliquis
330 1907 480 1966 Theocriti
499 1906 678 1965 carminibus
697 1906 837 1965 divellere
856 1907 1023 1966 noluerunt.
1051 1905 1161 1963 Wila·

151 1996 291 2056 mowitz
305 1999 413 2070 autem,
428 2015 495 2055 cum
505 1995 740 2073 technopaegnia
749 1996 818 2054 indo
828 1995 865 2060 ab
876 1995 1056 2071 antiquitate
1067 1995 1161 2054 Theo·

152 2088 226 2144 crito
250 2088 407 2145 coniuncta
425 2086 516 2145 fuisse
536 2085 619 2144 bonis
640 2087 822 2162 argumentis
842 2079 1043 2144 confirmasset
1062 2082 1163 2157 (Text-

149 2176 240 2248 pescb.
257 2172 324 2251 89),
344 2179 444 2234 omnia
461 2177 493 2233 in
512 2175 718 2234 Bucolicorum
738 2193 910 2252 graecorum
930 2173 1088 2232 editionem
1108 2191 1162 2232 suo

151 2265 215 2321 iure
234 2265 353 2339 recepit.
387 2285 475 2339 quem
492 2283 545 2323 nos
560 2265 664 2323 ducem
678 2267 831 2340 sequimur
844 2264 964 2323 scholiis
980 2261 1162 2322 Theocriteis

152 2347 347 2430 adiungeutes
366 2353 479 2412 scholia
497 2353 529 2410 in
547 2353 785 2429 technopaegnia
804 2353 922 2426 scripta.
1047 2364 1050 2370 ’

44 2429 142 2524 fffiffl:
218 2440 338 2500 Scholia
362 2443 538 2514 vetustiora,
562 2461 638 2516 quae
662 2442 725 2498 sola
748 2441 832 2498 nobis
856 2438 969 2497 edenda
987 2456 1049 2495 esse
1068 2441 1163 2514 patet,

94 2495 125 2533 qu
151 2531 189 2589 ad
204 2531 304 2590 omnia
320 2531 556 2607 technopaegnia
570 2531 688 2588 servata
703 2532 772 2587 suut
786 2528 848 2585 Ara
863 2526 1010 2584 Dosiadae
1025 2531 1163 2604 excepta3

150 2621 395 2678 commentarium
405 2619 483 2677 enim
493 2619 524 2676 in
532 2619 587 2676 hoc
595 2637 710 2677 carmen
720 2616 924 2692 compositum,
937 2634 1026 2691 quem
1032 2616 1162 2676 Haeber·

101 2720 103 2724 ’
151 2709 195 2767 lin
210 2701 253 2789 (p.
267 2701 322 2790 31)
338 2709 496 2784 antiquum
510 2711 607 2782 putat,
621 2706 769 2765 Holobolo
785 2706 885 2765 deberi
899 2723 953 2782 pro
968 2708 1048 2765 certo
1067 2706 1162 2766 habeo

151 2793 193 2878 (v.
203 2789 305 2878 infra),
334 2797 372 2855 ad
386 2798 499 2857 scholia
513 2799 615 2855 vetera
629 2795 835 2855 constituenda
851 2797 970 2871 praeter
984 2795 1106 2868 codices,
1125 2796 1162 2855 ds

76 2886 85 2903 ‘
152 2888 258 2962 quibus
278 2906 368 2962 supra
386 2887 605 2962 disputavimus
625 2877 839 2965 (KGUEM),
859 2884 1010 2943 adhibitus
1029 2887 1075 2943 est

78 2983 141 3028 sats.
218 2980 393 3035 Parisinus
409 2980 524 3048 suppl.
536 2995 583 3048 gr.
594 2981 659 3034 384
673 2975 794 3033 membr.
810 2993 884 3034 saec.
898 2974 933 3032 X.
961 2974 1162 3050 Anthologiae

151 3064 308 3123 Palatinae
326 3084 395 3140 pars
413 3067 569 3139 posterior,
590 3084 679 3140 quam
699 3062 822 3122 Carolus
839 3063 1081 3122 Praisendanz
1101 3063 1163 3121 edi-

44 1269 145 1314 Techno-

43 1327 143 1376 ausula

150 3155 263 3213 tionem
285 3153 486 3232 Anthologiae
509 3154 734 3229 phototypicam
758 3152 892 3227 (Codices
912 3155 1011 3227 preca·
1033 3156 1060 3210 ct
1076 3152 1163 3211 latini

145 3245 276 3316 photoqr.
291 3245 394 3316 depicti
411 3244 460 3312 15,
477 3238 578 3320 1911)
595 3244 747 3317 praefatus
762 3242 983 3301 accuratissime
997 3241 1162 3317 descripsit.

151 3333 296 3391 continet:
310 3332 366 3389 XV
380 3336 430 3392 21.
446 3333 601 3408 Fistulam‚
617 3335 667 3391 22.
683 3332 827 3408 Securim,
843 3334 893 3389 24.
908 3331 990 3404 Alas,
1007 3331 1056 3390 25.
1069 3329 1163 3388 Aram

150 3422 288 3498 ionicam,
308 3423 358 3480 26.
373 3422 465 3480 Aram
485 3421 625 3490 doricam,
645 3423 696 3479 27.
712 3418 818 3494 Ovum,
838 3421 937 3477 omnia
951 3421 1070 3494 praeter
1084 3418 1163 3478 dori·

152 3529 218 3570 cam
236 3511 329 3570 Aram
348 3511 468 3572 scholiis
487 3506 642 3570 instructa.
674 3511 771 3569 denuo
791 3509 912 3569 contuli.
