2446 3870
455 116 658 186 Prolegomena
675 113 766 168 latina
1072 113 1113 178 13

97 285 148 348 καί
171 286 202 346 τὸ
227 285 440 367 διηγηματικὸν
462 284 512 346 καὶ
535 285 567 346 τὸ
587 283 782 364 δραματικόν,
805 281 834 356 ἐξ
853 274 895 342 ὧν
915 281 1062 361 σύγκειται
1080 280 1113 342 τὸ

97 384 276 464 βουκολικὸν
294 384 416 462 ποίημα.
437 377 441 465 Ι
462 382 512 445 καί
530 383 590 464 ἅμα
604 381 662 444 ἀπὸ
677 390 730 443 τοῦ
744 381 814 455 εἴδω
827 380 859 442 τὸ
875 378 967 458 δμοιῶ
982 379 1138 439 εἰδόλλιαε

98 480 137 542 διν
155 482 273 554 εἰκότως
292 479 414 563 λέγοιτο
435 481 560 554 ἐοικότες
578 481 634 562 γάρ
653 480 709 541 εἰσι
727 485 788 552 τοῖς
806 478 975 560 προσώποις
989 478 1021 538 οἰ
1031 476 1113 558 λόγοι

99 589 152 640 τοῦ
175 581 354 660 βουκολικοῦ
372 579 545 659 ποιήματος.
565 573 569 662 Ι
591 580 622 640 οἱ
638 575 669 639 δὲ
688 575 829 656 ἡδύλλιον
847 575 906 638 οἰιιδ
925 584 977 636 τοῦ
996 575 1059 654 aaa
1077 575 1139 636 vta

72 677 261 761 εεόφραίνω,
287 673 350 738 ἀλλ’
378 677 433 740 οὐκ
458 677 605 739 εἰδόλλιον
630 675 689 738 ἀπὸ
714 685 767 737 τοῦ
790 670 870 748 εἰδος
888 672 1019 755 λέγοντες
1037 695 1112 734 παν-

99 781 185 849 τελῶς
203 777 278 837 εἰσιν
296 775 433 855 ἀμαθεῖς.

168 877 195 934 9.
219 874 263 936 ότι
285 874 317 936 τὸ
340 884 458 957 πρῶτον
480 882 566 935 τοῦτο
589 873 736 934 εἰδύλλιον
760 871 938 951 δραματικόν
956 869 1045 931 ἐστιν·
1071 869 1192 932 ocri-o

98 971 154 1054 γὰρ
182 973 330 1033 δείκνυται
357 972 389 1034 τὸ
417 972 577 1054 πρόσωπον
604 981 657 1032 τοῦ
684 979 818 1048 ποιητοῦ.
858 969 1000 1030 διάκειται
1022 966 1054 1030 δὲ
1077 967 1112 1028 τὰ

99 1070 255 1152 πράγματα
279 1069 312 1132 ἔν
337 1071 466 1154 Σικελίμ.
505 1070 711 1152 παρεισώμετυι
736 1066 768 1129 δέ
793 1089 836 1141 τις
861 1067 974 1147 ποιμὴν
1002 1067 1112 1149 Θώρσις

60 1188 86 1228 ιο
99 1167 173 1249 πρὸς
192 1169 316 1230 αἰπόλον
339 1168 559 1249 διαλεγόμενος,
583 1161 619 1228 οὗ
640 1167 672 1229 τὸ
692 1164 786 1246 ὄνομα
803 1164 963 1248 ἀγνοεῖται·
987 1164 1061 1244 φασδ
1080 1163 1112 1241 δὲ

99 1264 279 1346 ἢΚομοίταν
297 1264 317 1345 ἢ
337 1267 501 1328 Μεήνοίλκαν
519 1265 610 1327 αὐτὸν
629 1259 713 1327 εἰναι.
744 1270 878 1345 παρεῖται
897 1261 939 1342 δέ,
958 1265 1061 1342 φασίν,
1079 1254 1111 1324 τδ

98 1374 151 1425 τοῦ
171 1364 296 1425 αἰπόλου
316 1362 420 1444 ὄνομα,
439 1363 540 1443 ἐπειδὴ
560 1360 575 1424 6
594 1363 707 1443 ποιμὴν
726 1362 822 1441 ἔμελλε
840 1360 874 1422 τδι
889 1371 941 1422 τοῦ
956 1362 1111 1439 Δάφνιδος

99 1463 186 1541 πάθη
205 1457 296 1547 ᾇσειν.

169 1564 218 1624 10.
229 1643 231 1646 y
242 1563 405 1643 προλομίζει
424 1558 477 1640 μὲν
496 1552 552 1622 οὖν
569 1557 584 1621 6
599 1559 712 1640 ποιμὴν
727 1553 862 1642 (αἰπόλος
878 1563 946 1618 aute
960 1552 1048 1639 corr.)
1062 1556 1112 1619 καί
1132 1589 1165 1598 -

60 1675 85 1716 ιε
101 1659 180 1741 δῶρα
203 1657 404 1741 ἐπαγγέλλεται
428 1658 533 1720 δώσειν
555 1663 595 1744 τῷ
616 1657 728 1742 αἰπόλρι
751 1651 840 1739 (corr.
860 1677 875 1714 e
894 1649 1027 1738 ποιμένι)
1046 1655 1113 1717 δευ-

99 1762 192 1838 τερεῖα
216 1757 285 1836 μετὰ
306 1758 357 1820 τὸν
381 1761 470 1818 Πᾶνα
494 1751 582 1840 (corr.
603 1777 618 1816 e
641 1749 790 1838 recalva).
823 1753 1058 1836 ἀποκρινόμενος
1081 1750 1113 1813 δὲ

100 1852 116 1914 6
139 1855 260 1928 αἰπόλος
283 1854 357 1934 ὁμοῦ
381 1878 409 1916 τε
432 1855 550 1916 ἐπαινεῖ
567 1854 619 1916 τὸν
644 1854 756 1935 Θύρσιν
778 1851 829 1914 καὶ
852 1853 932 1933 δῶρα
952 1851 1002 1913 καί
1025 1852 1113 1924 αὐτὸς

99 1949 199 2038 ἐκείνῳ
214 1951 414 2034 ἐπαγγέλλεται
428 1953 533 2014 δώσειν
548 1953 694 2034 δευτερεῖα
709 1950 780 2031 μετὰ
792 1950 844 2025 τδις
854 1951 992 2022 Μούσας.
1016 1949 1113 2011 ἔπειτα

100 2046 115 2109 6
134 2049 247 2128 ποιμὴν
264 2056 431 2131 παρακαλεῖ
444 2049 496 2112 τδν
510 2049 634 2110 αἰπόλον
648 2051 774 2130 σνρίσαι.
807 2046 823 2109 6
839 2046 870 2110 δὲ
884 2046 1112 2126 ἀπανηνώμενος

58 2165 85 2204 ιο
99 2157 184 2208 τοῦτο
208 2147 258 2207 διδι
278 2147 310 2208 τὸ
330 2146 495 2210 δεδοικέναι
512 2147 564 2208 τὸν
583 2149 672 2206 Πᾶνα
690 2145 779 2219 αὐτὸς
797 2146 963 2228 παρακαλεῖ
976 2145 1027 2208 τδν
1045 2167 1112 2208 ποι-

99 2242 173 2322 μένα
191 2235 261 2328 ᾆσαι
278 2245 314 2304 τδι
331 2256 384 2307 τοῦ
402 2245 559 2322 Δάφνιδος
576 2244 663 2323 πάθη
683 2245 763 2325 δῶρα
781 2265 810 2306 τε
828 2242 1029 2326 ἐπαγγέλλεται
1043 2238 1112 2326 αἷμα

99 2341 297 2420 διδυμοτόκον
324 2338 379 2423 [ὥς
403 2344 459 2402 del.
478 2337 631 2423 librarius]
657 2341 705 2404 ἰπί
729 2341 762 2403 τὸ
787 2339 908 2422 ἄμὲλξαι
933 2341 1028 2420 αὐτὴν
1051 2341 1112 2425 τρίς

97 2437 148 2499 καὶ
166 2440 320 2519 κισσύβιον
339 2441 470 2521 ἥδιστον,
488 2438 504 2502 δ
523 2441 575 2502 καί
591 2434 654 2524 (hic
673 2441 860 2518 abrumpitur
877 2433 1048 2522 tractatus).

178 2795 592 2891 Prolegcmenorum
618 2796 835 2892 reliquiae
862 2796 1030 2870 latinae

58 2998 83 3038 ιε
533 2970 673 3036 Probus

166 3098 277 3158 Comm.
296 3099 328 3157 in
345 3098 434 3176 Verg.
453 3099 526 3158 Buc.
546 3101 624 3179 324,
640 3103 828 3178 8-326‚2
848 3103 967 3182 Hagen:
990 3103 1109 3162 Bucoli·
1124 3106 1156 3148 ⁸⁸

99 3216 202 3256 corum
220 3196 315 3256 omnis
335 3196 419 3274 origo
436 3198 547 3272 triplex
560 3200 663 3274 fertur,
681 3200 811 3277 primum
825 3221 843 3260 a
857 3201 1108 3260 Lacedaemoniis.

98 3313 169 3353 nam
188 3295 377 3354 cumXerxes
393 3293 549 3356 Graeciam
567 3296 732 3358 adfectaret
750 3300 781 3356 et
798 3298 941 3359 terribilis
960 3301 1046 3373 esset,
1064 3319 1109 3357 re·

99 3393 179 3452 lictis
199 3391 370 3452 civitatibus
386 3412 486 3453 omnes
501 3392 642 3454 Graeciae
660 3397 693 3454 in
711 3396 829 3456 deserta
842 3398 908 3457 loca
922 3398 1109 3476 refugerunt3

58 3491 180 3564 etpost,
208 3507 275 3547 cum
302 3490 382 3566 apud
404 3491 610 3552 Marathonem
632 3493 731 3552 victus
754 3497 935 3571 recessisset,
962 3494 1108 3554 Lacedae·
