2438 3870
132 114 198 178 346
333 108 413 167 Ὠιόν
433 109 679 165 ΙῙῦ-Δωσιάδον
698 85 795 177 Βωμός
812 107 937 161 Prooem.

197 283 225 341 b.
249 280 281 342 τὸ
303 278 335 342 δὲ
358 279 497 360 λέχριον
523 277 639 359 φέρων
664 285 776 354 νεῦμα
801 276 920 336 ποδῶν
945 273 1147 353 σποράδην,

133 381 176 441 ότι
194 381 319 461 πλάγιον
337 377 387 439 καὶ
405 375 517 454 ἀσαφὲς
536 376 568 438 τὸ
587 376 708 454 ποίημα.

200 483 251 538 12.
272 473 528 555 <παναόολον,>
547 475 667 536 ὅτιτῶν
685 476 823 533 Μουσῶν
842 471 876 531 αἱ
896 468 995 549 φωναὶ
1013 471 1148 531 ποικίλαι

132 575 181 636 καὶ
200 573 347 656 διαφορὰς
364 573 473 647 πολλάς
492 573 598 654 έχουσι.

201 677 250 733 14.
269 673 301 734 τὸ
321 671 352 733 δὲ
371 672 503 754 ῥώοντο
523 669 585 732 ἀντὶ
605 680 658 731 τοῦ
676 669 820 749 ἐβάδιζον.
1174 684 1185 725 τ

201 775 275 832 lia.
294 770 521 850 άμφίπαλτον
541 767 571 830 δέ
591 767 704 846 αὐδὴν
723 767 778 846 την
795 766 902 845 φωνὴν
917 763 972 842 τὴν
990 762 1058 843 περὶ
1077 762 1147 824 έαυ-

132 869 186 948 τὴν
205 869 391 948 παλλομένην
410 867 459 928 καὶ
477 867 617 947 ηχοῦσαν.

199 969 226 1028 b.
247 967 471 1029 πουκότατον
490 963 521 1025 δὲ
539 963 604 1024 ἀντὶ
622 973 674 1024 τοῦ
693 963 885 1024 πυκνότατον.

199 1065 233 1125 τά
256 1065 344 1126 λοιπά
370 1065 446 1143 ζήτει
468 1062 591 1141 ἑκάστης
614 1061 716 1136 λέξεως
738 1061 770 1123 τὸ
794 1058 1028 1139 σημαινόμενον·
1049 1063 1148 1138 Δωρι-

132 1162 170 1222 κδι
188 1163 251 1244 γάρ.
1162 1174 1187 1215 1⁰

437 1478 661 1544 Δωσιάδου
689 1473 837 1565 Βωμός

153 1597 390 1695 Ἑρμηυεῐαι
418 1611 494 1670 τοῦ
515 1594 744 1690 Ὁλοβόλου
773 1601 952 1692 ῥήτορος
983 1609 1120 1690 κυροῦ

184 1727 386 1820 Μανουηλ
415 1725 481 1794 καὶ
510 1726 690 1815 μεγάλου
718 1726 1097 1815 πρωτοσυμκέλλου

63 1931 121 1973 fars.
196 1914 228 1980 ‘0
247 1919 296 1980 διά
314 1929 372 1979 τῶν
387 1917 498 1998 μέτρων
519 1917 618 1979 οὑτοσὶ
637 1918 736 1997 βωμὸς
749 1918 905 1978 Δωσιάδου
924 1916 1003 1990 τινὸς
1022 1917 1146 1997 εὕρημα.

132 2017 290 2099 γέγραπται
316 2015 347 2078 δέ
373 2016 420 2078 ἐπὶ
448 2023 487 2103 τῷ
514 2019 616 2102 βωμῷ,
644 2013 679 2076 ὃν
706 2015 721 2077 ὁ
746 2009 849 2076 Ἰάσων
874 2015 1085 2076 κατεσκεύασεν
1109 2023 1188 2103 sciro

131 2111 298 2177 Ἀπόλλωνι,
333 2114 365 2176 έν
390 2114 483 2200 τούτῳ
509 2121 547 2197 τῷ
572 2117 662 2198 βωμῷ
690 2113 763 2173 κατά
787 2136 853 2173 τινα
880 2112 1012 2195 χρησμὸν
1037 2112 1149 2176 ἔθυσεν

129 2209 330 2294 Ἀγαμέμνων,
345 2223 450 2274 τοῦτον
464 2211 513 2272 καὶ
531 2211 712 2290 Φιλοκτήτης
727 2209 868 2291 έλίμησεν.
895 2209 979 2290 ἡμεῖς
994 2209 1026 2272 δέ
1044 2211 1100 2290 τὴν
1116 2211 1149 2274 ἐν

132 2313 225 2395 τούτῳ
240 2309 446 2391 κεκρυμμένην
459 2309 589 2386 έννοιαν,
609 2308 662 2388 οὐχ
680 2302 768 2387 ἧττον
787 2307 818 2369 δὲ
838 2308 887 2370 καὶ
902 2310 935 2371 τὸ
950 2308 1056 2391 μέτρον
1071 2311 1149 2390 δῆλα

133 2408 189 2469 σὺν
208 2415 270 2493 θεῷ
289 2415 349 2481 τοῖς
368 2407 408 2486 μὴ
428 2408 519 2468 εἰδόσι
537 2407 699 2486 ποιήσομεν
718 2406 750 2468 έκ
768 2412 896 2468 παλαιοῦ
909 2431 990 2480 τινος
1006 2407 1149 2487 λαβόντες

132 2505 184 2578 τάς
202 2504 348 2584 ἀφορμάς.
1162 2528 1190 2569 so

205 2647 220 2693 3
240 2642 329 2710 suppl.
346 2640 497 2694 Hacberlin

205 2712 294 2766 Libri:
313 2717 370 2778 ΥΕ,
389 2712 491 2781 quibus
510 2712 620 2766 accedit
639 2713 899 2766 commentariorum
913 2712 1145 2768 Theocritcorum

134 2785 220 2838 editio
240 2784 385 2836 Farrcana.
415 2788 537 2838 ceterum
552 2802 575 2837 v.
591 2783 796 2838 praefationem
868 2784 936 2837 Tit:
956 2783 1102 2840 Δοσιάδου
1120 2786 1147 2856 β.

133 2862 167 2923 F,
190 2855 224 2909 of.
248 2855 331 2908 huius
354 2855 443 2922 ipsius
466 2854 659 2908 commentarii
682 2855 869 2924 prooemium,
892 2855 956 2908 Luc.
972 2855 1087 2924 Lexiph.
1103 2862 1147 2919 25,

134 2927 190 2980 sch.
207 2927 285 2980 Dion.
301 2926 399 2981 Thrac.
416 2932 461 2991 11,
478 2925 661 2994 24-Hilgard:
687 2925 813 2980 Λυσιάδα
832 2928 856 2997 β.
880 2925 961 2980 inser.
982 2926 1068 2981 Anth.
1087 2927 1147 2983 Pal.

133 2998 183 3052 XV
198 3004 244 3063 213,
268 2998 352 3050 index
376 2998 473 3052 Anth:
498 2996 631 3052 Δωσιάδα
652 2999 675 3067 β.
696 2997 824 3062 Δωριέως
847 2995 880 3051 ὃν
902 2996 997 3050 έστασε
1014 2998 1149 3061 Μοῦσαις

135 3069 164 3122 ἐν
179 3073 215 3143 γᾷ
230 3069 335 3122 subscr.
346 3070 444 3124 Anth:
463 3077 513 3122 τοῦ
523 3068 665 3123 Δοσιάδοο
679 3074 710 3122 Y.
730 3069 878 3123 Theocrito
892 3068 1022 3121 tribuunt
1032 3069 1148 3125 Tzotzes

134 3141 229 3207 (Exeg.
243 3140 273 3193 in
288 3139 317 3192 Il.
334 3146 380 3205 68,
397 3146 429 3194 15
445 3140 595 3206 Hermann)
616 3143 643 3193 et
662 3140 825 3193 Eustathius
843 3144 899 3207 (21,
913 3143 971 3202 42);
996 3140 1031 3193 cf.
1049 3144 1149 3195 notam

135 3210 249 3280 Bergkii
264 3213 348 3266 Anth.
364 3213 524 3281 lyr.²1868‚
534 3212 677 3265 LXXXI
680 3212 709 3264 V.
742 3210 872 3265 Hoioboli
892 3211 1088 3265 commentarii
1105 3213 1150 3266 in·

135 3283 250 3351 scriptio
274 3286 385 3337 servata
407 3285 450 3336 est
472 3283 500 3336 in
521 3282 665 3336 codicibus
684 3289 705 3334 12
724 3285 752 3335 et
770 3283 899 3336 Leidensi
917 3281 1152 3353 Voss.miso.13‚

135 3355 183 3421 qui
216 3354 330 3408 scholiis
362 3355 392 3407 in
421 3354 525 3408 Simiae
554 3353 678 3408 Socurim
704 3353 816 3422 scriptis
845 3369 907 3406 cam
934 3353 1096 3423 praefigunt

134 3437 161 3477 14
181 3425 306 3479 ὠδιάδου
325 3426 411 3491 Fam,
430 3441 497 3478 corr.
513 3424 671 3494 Stephanus
762 3435 789 3477 ιν
806 3433 942 3493 ποιοῦμεν
961 3427 991 3478 et
1008 3423 1154 3497 λαβόντας

135 3496 225 3562 Fam,
245 3513 312 3550 corr.
329 3495 488 3567 Stephanus
