2446 3870
427 113 539 169 Scholia
557 112 621 167 XIV
635 114 679 186 314
688 112 784 168 a-5b
1050 111 1114 176 295

166 282 261 368 3ί4ε.
285 287 348 366 οὐχ
366 284 410 358 ὡς
428 284 536 365 λῷστα
556 279 586 342 δὲ
605 280 671 342 ἀντὶ
689 290 742 343 τοῦ
761 283 797 344 οὐ
815 281 888 355 κατὰ
906 281 1038 363 γνώμην.
1121 279 1206 334 ΚΙΙΨ

165 404 193 463 b.
217 401 283 483 όίρα
301 399 439 472 λεπτόςτ
458 399 560 471 λεπτὸς
579 397 695 478 ἐγένου,
715 391 738 458 6>
757 398 899 478 Αἰσχίνη,
917 397 967 459 καὶ
986 398 1001 462 6
1021 399 1220 483 μό-κίιειεε

99 501 167 573 σταξ
187 493 274 573 οὗτος
287 496 414 572 πολὺς
397 522 439 558 ιον
453 496 486 557 ἐκ
499 506 558 557 τῶν
573 495 790 616 φροντίδων’
757 519 813 557 ουκ
827 496 926 576 ἔτυχεν
940 497 1113 578 ἐπιμελείας,

99 598 140 658 ἔτι
158 620 187 659 τε
206 595 225 675 ἡ
244 598 322 676 κόμη
342 615 396 658 σου
415 593 552 676 αὐχμηρὰ
570 618 619 654 και
610 592 825 674 ἀτημέλητος.

73 738 84 776 ι
167 735 190 775 c
214 713 230 777 6
253 714 309 806 πρί
308 738 339 793 υ,
367 713 456 791 φησί,
483 711 586 783 λεπτὸς
614 710 723 788 μύσταξ
752 709 801 770 διὰ
831 688 863 770 τό
887 711 1027 790 συχνάκις
1053 669 1113 773 κεί-
1122 724 1221 770 uim

100 819 205 889 ρεσθαι
223 821 281 872 νῦν
300 811 392 883 πολὺς
412 808 505 870 διὰ
479 831 511 870 το
530 806 708 892 ἀτημέλητος
726 803 802 868 εἶναι
820 806 907 868 καί”
887 831 1021 890 ακαρτος.

167 929 193 987 d.
217 930 391 988 κίκιυνοιε
417 924 432 985 6
457 935 542 998 νοῦς·
567 925 698 1003 κομῶντί
718 941 764 984 σοι
788 922 820 984 τὸ
843 921 956 1003 γένειον
980 922 1083 986 καλοί
1109 928 1221 983 Κυέελε

99 1027 226 1086 κίκιννοι
250 1025 411 1103 κατοίξηροί
432 1024 506 1083 εἰσιν
529 1020 567 1095 ὡς
588 1021 637 1082 διὰ
656 1021 711 1099 την
728 1023 827 1099 λύπην
846 1020 895 1081 καὶ
914 1021 945 1082 ιδ
964 1023 1116 1103 κείρεσθαι

100 1121 332 1207 παραιτουμένῳ.

61 1279 86 1318 10
170 1259 223 1315 5ο.
242 1264 405 1325 τοιοῦτος
423 1255 544 1333 πρώαν
562 1276 628 1326 τιςε
647 1253 780 1328 τοιοῦτός
794 1276 847 1332 τις,
866 1247 1079 1333 φησίν,’ίγλθε’ν
1101 1265 1221 1311 xum?

102 1353 273 1430 Ἀθήνηθεν
292 1353 334 1424 είς
352 1353 493 1412 Σικελίαν
510 1351 568 1432 πρὸ
587 1351 694 1413 τούτου
709 1350 926 1433 Πυθαγορικόν
944 1350 1115 1432 ἐπαγγελλό-

101 1472 187 1527 μενος
214 1450 316 1529 δόγμα.
354 1448 429 1527 φασὶ
457 1447 489 1510 δέ
516 1458 602 1511 τοῦτο
630 1449 672 1521 εἰς
695 1449 842 1510 Πλάτωνα
868 1449 920 1509 τὸν
948 1449 1116 1528 φιλόσοφον

101 1546 249 1628 λέγεσθαι·
274 1545 441 1608 όικοόσαντα
465 1546 520 1629 γὰρ
545 1546 643 1607 αὐτῶν
666 1545 699 1606 ἐν
715 1542 820 1630 Ἰταλίᾳ
840 1548 982 1627 διαβῆναι
1000 1548 1041 1620 είς
1061 1553 1115 1608 Σι·

58 1701 60 1704 .
100 1646 200 1706 κελίαν
219 1645 452 1723 συυτευξόμενον
470 1646 622 1730 Διονυσίῳ
641 1650 680 1728 τῷ
699 1645 843 1728 τυράννῳ.

62 1786 86 1824 ιο
169 1759 344 1842 διαφέρουσι
370 1758 401 1822 δὲ
426 1760 635 1843 Πυθαγορικοὶ
657 1770 716 1821 τῶν
740 1765 993 1842 Πυθαγοριστῶν,
1020 1760 1064 1822 ὅτι
1087 1762 1119 1823 οί

102 1858 155 1936 μὲν
171 1858 379 1940 Πυθαγορικοὶ
397 1869 496 1920 πᾶσαν
516 1860 660 1939 φροντίδα
678 1868 834 1919 ποιοῦνται
852 1869 905 1919 τοῦ
925 1859 1068 1938 σώματός,
1087 1860 1116 1920 οί

103 1955 133 2016 δὲ
153 1956 377 2037 Πυθαγορισταλ
398 1955 623 2038 περιεσταλμένη
642 1955 692 2016 καὶ
711 1955 847 2038 αὐχμηρᾷ
866 1956 962 2040 διαίτη
981 1943 1114 2037 χρῶνται.

102 2053 177 2125 τινὲς
201 2052 232 2114 δὲ
256 2053 488 2134 Πυθαγοριστὰς
515 2051 568 2129 μὲν
591 2053 708 2132 λέγουσι
729 2053 799 2124 τοὺς
822 2051 1057 2132 ἀποδεχομένους
1080 2052 1116 2112 τὰ

103 2151 304 2229 Πυθαγόρου,
328 2151 368 2228 μὴ
394 2149 480 2223 όντας
504 2149 535 2210 δὲ
558 2160 610 2227 τῆς
629 2149 744 2211 ἐκείνου
764 2149 862 2226 δόξης,
882 2150 1116 2230 Πυθαγορικοὺς

63 2273 88 2312 ιο
103 2245 134 2308 δὲ
152 2247 222 2320 τοὺς
240 2247 275 2307 τόι
296 2248 481 2328 Πυθαγόρου
501 2257 696 2328 φρονοῦντας.

168 2365 196 2422 b.
220 2361 328 2443 ἐλέγετο
355 2361 387 2424 δέ
413 2360 428 2422 δ
453 2363 579 2424 Πλάτων
604 2362 655 2423 τὸν
675 2363 862 2444 Πυθαγόραν
887 2363 980 2436 οὕτως
1005 2362 1222 2440 &noae-um?

98 2465 221 2540 4χεσθαι,
251 2457 289 2542 ὡς
313 2462 365 2520 καί
386 2484 451 2520 τινα
474 2462 647 2538 νομίζεσθαι
671 2460 763 2541 λέγειν
787 2461 815 2534 ἐξ
839 2460 946 2541 αὐτοῦ,
974 2461 1045 2522 ὥστε
1064 2461 1115 2523 τὸν
1200 2471 1202 2474 ’

104 2559 250 2618 Πλοίτωνα
269 2557 503 2638 Πυθαγοριστην
522 2559 668 2638 εἰρῆσθαι.

174 2758 201 2801 15
219 2747 298 2803 Diels
317 2749 397 2818 qu.
414 2749 576 2803 ό.λ7ονεοίτν.
591 2747 721 2814 131912,
737 2753 791 2802 373

174 2930 187 2970 4
208 2919 246 2974 ἐτι
266 2921 296 2973 δὲ
316 2920 376 2972 cod.
392 2918 493 2971 Genov.
508 2920 580 2972 teste
595 2917 732 2970 Ahrensio
835 2927 863 2969 ιο
882 2912 969 2985 ἦλθεν
988 2924 1023 2968 K:
1047 2911 1115 2982 ἡκεν

104 2992 168 3043 (τελλ.
241 3001 268 3042 18
287 2989 418 3058 λέγεσθαι
432 2996 467 3041 K:
486 2988 575 3057 λέγειν
590 2991 655 3042 συλλ.
702 2989 862 3042 ἀκούσαντα
877 2987 930 3057 γὰρ
946 2989 1038 3040 αὐτῶν
1052 2987 1116 3056 (hoc

103 3060 318 3114 Wilamowisszio
343 3061 442 3127 debeo)
463 3061 494 3113 έν
510 3058 555 3114 Ἰτ.
576 3061 650 3131 διαβ.
671 3060 710 3122 είς
729 3064 790 3113 Σικ.
811 3059 921 3127 scripsi:
946 3059 1116 3119 ἀκούσαντες

103 3128 1114 3220 ‹16666610661661'11.(dg’lwuasTriclwmpcezanum&

104 3205 177 3272 διαβ.
202 3201 255 3271 γὰρ
278 3202 365 3256 αὐτὸν
388 3204 419 3256 έν
439 3199 484 3254 Ἰτ.
504 3209 527 3254 K
634 3213 661 3254 14
686 3201 890 3290 συνταξάμενον
909 3207 966 3268 GP,
990 3217 1044 3255 om
1058 3205 1081 3253 U

103 3285 129 3326 17
156 3272 344 3342 υπεσταλμένη
373 3273 481 3326 Ahrens
589 3284 617 3325 ιε
642 3271 752 3341 διαίτης
763 3273 991 3364 Ηευιεόοτλιυγι,
1020 3275 1117 3341 σολης

104 3345 171 3398 Geel
280 3355 310 3397 ευ
333 3344 367 3397 τὰ
386 3343 562 3412 Πυθαγόρου
583 3365 664 3412 φρον.
684 3352 719 3398 K:
744 3341 816 3399 οὕτω
836 3364 917 3414 (γρου.
938 3345 974 3406 ὡς
984 3293 1117 3404 ἐκείνους

103 3418 222 3483 (ἐκεῖνον
242 3420 272 3483 G)
296 3417 344 3469 καί
368 3415 440 3469 κατὰ
458 3415 636 3484 Πυθαγόραν
660 3417 859 3485 διαιτωμένους
879 3418 944 3470 cett.
1036 3424 1063 3466 21
1081 3413 1117 3468 τὰ

104 3486 280 3557 Πυθαγόρου
300 3486 376 3552 Geel
396 3487 445 3539 sed
465 3488 499 3541 of
515 3486 571 3540 sch.
588 3505 602 3541 ο
674 3497 703 3539 28
723 3487 965 3556 ΠυθαγορικδνΡ
