2438 3870
120 131 184 186 un
318 186 320 188 ,
470 94 716 184 'prauum

121 299 291 359 delineavit.
324 299 362 358 ad
384 299 464 358 hunc
485 299 597 358 librum
619 299 752 359 virorum
774 298 930 360 doctorum
950 301 1067 359 animos
1086 301 1140 360 ad·

120 391 252 448 verterat
278 388 478 449 Reitzenstein
500 388 585 447 Im.
599 392 675 462 poet.
690 406 786 462 praec.
804 390 873 462 ἴσον.
892 389 965 459 ΙΙΙ,
989 389 1058 448 Iud.
1078 391 1141 451 tect.

120 479 252 538 Roma
268 472 418 557 1892s93,
427 479 471 538 23
485 497 521 536 ex
534 477 734 537 Ambrosiano
747 483 779 536 Κ
793 497 861 536 eum
876 478 1057 554 descriptum
1071 497 1138 539 esse

120 569 200 627 recte
214 568 392 644 suspicatus,
406 567 535 627 alterum
548 569 612 642 ipse
627 567 732 627 detexi.
753 586 880 643 quorum
894 568 1138 644 apographorum

122 658 250 716 alterum
269 656 306 715 ab
326 657 421 716 altero
434 656 563 733 pendere
577 675 644 716 cum
658 675 694 717 ea
707 675 740 716 re
753 657 907 732 probatur,
921 657 1002 732 quod
1015 659 1136 719 inverso

121 749 286 806 carminum
299 746 498 824 figuratorum
512 746 614 805 ordine
628 749 789 820 utrumque
801 746 907 821 utitur,
921 748 1040 823 tumeo,
1054 748 1136 822 quod

120 835 218 897 verba
231 835 357 911 exempli
376 837 455 895 lectu
473 834 643 894 difficiliora
661 835 750 910 plane
769 835 873 894 eadem
891 836 923 894 in
941 839 1070 912 utroque
1086 838 1138 898 vel
1208 852 1211 864 ⁴

121 925 331 1000 praetermissa
354 927 424 984 sunt
446 925 494 984 vel
518 924 620 984 eodem
642 925 719 983 falso
743 924 831 983 modo
855 925 1005 1000 explicata
1027 925 1075 987 vel
1096 927 1136 988 ad

123 1013 279 1073 arbitrium
299 1017 424 1072 mutata.
458 1014 591 1072 conferas
610 1014 701 1073 velim
720 1014 776 1072 hoo
794 1014 890 1074 locos:

192 1129 243 1184 IIb
262 1127 331 1199 φησί
348 1133 425 1185 recte
443 1137 467 1182 Κ
484 1146 582 1184 reson:
601 1130 673 1192 θεάς
691 1135 788 1196 apogr.

193 1210 231 1264 ib.
250 1210 301 1280 τὴν
320 1211 351 1265 δὲ
369 1220 425 1264 τῶν
444 1210 601 1279 φαρμάκων
615 1213 692 1264 recte
706 1218 729 1263 Κ
743 1228 825 1266 rosor.
841 1213 905 1282 (vox
917 1209 1057 1266 ῦαόθεσιν
1071 1211 1136 1265 eub-

122 1297 241 1350 sequens
264 1298 356 1350 neque
378 1285 446 1336 tunc
468 1281 526 1352 legi
548 1283 641 1350 potuit
663 1299 755 1350 neque
777 1283 864 1337 hodie
882 1285 998 1354 potest):
1021 1284 1085 1350 περὶ
1104 1284 1135 1338 dt

120 1361 176 1408 τῶν
196 1352 354 1422 φαρμάκων
372 1353 387 1408 ὁ
406 1353 488 1423 λόγος
505 1370 521 1407 e
538 1354 699 1502 {zmegma
717 1359 814 1421 apogr

192 1504 218 1558 Π
232 1506 341 1579 691626
364 1503 503 1594 γράφεται
525 1503 699 1574 ἀπόμορξον·
723 1502 895 1574 ἀπόκρυψον
913 1513 949 1559 K:
973 1503 1137 1574 ἀπόμορξον

122 1574 269 1644 ἁπόμαξον
287 1577 380 1631 verbis
398 1574 536 1647 γράφεται
555 1580 585 1630 et
602 1576 772 1646 ἀπόκρυφον
791 1576 902 1630 omissis
921 1581 1018 1642 apogr.

193 1657 293 1711 nub
311 1660 408 1711 λινοῦν
426 1659 501 1710 recte
521 1664 544 1709 Κ
561 1673 658 1710 reeca:
678 1653 832 1725 δυνόμενος
850 1661 948 1723 Apogr.

193 1737 304 1791 1V1co
330 1737 480 1804 ἐκδακερος
505 1739 624 1792 accentu
647 1737 754 1792 incerto
777 1744 813 1791 K:
840 1737 922 1793 dud
949 1737 1015 1800 ἄκος
1038 1742 1135 1803 apogr.

122 1812 225 1862 Amba·
246 1808 362 1870 ἐκῦάκες
379 1814 475 1875 Apogr.
490 1812 570 1862 Barb.

193 1888 232 1942 IV
246 1889 306 1941 dib
325 1889 513 1958 &apportetur
532 1896 568 1942 K:
588 1889 773 1944 ἀποσπᾶσθαι
793 1906 809 1944 e
827 1889 899 1944 coni.
918 1895 1016 1956 apogr.

193 1967 244 2022 XII
254 1968 361 2060 lislta
378 1977 428 2023 τοῦ
447 1976 550 2039 χρυσοῦ
571 1967 702 2058 γένους
687 1989 724 2030 ως
738 1969 829 2024 ἔοικεν
846 1968 925 2032 ὄντες
938 1986 1028 2039 paene
1043 1970 1136 2024 evani-

123 2039 160 2094 da
178 2047 214 2095 Κ·
234 2035 312 2095 ουτοι
330 2048 432 2112 χρυσοῦ
452 2038 550 2110 γένους
568 2033 731 2108 πρόσθεν
713 2057 785 2110 ησαν
805 2058 820 2094 e
840 2041 909 2095 coni.
932 2045 1029 2107 apogr.

123 2176 190 2216 cum
218 2175 288 2215 vero
316 2157 483 2234 apographi
504 2156 697 2216 Ambrosieni
721 2160 839 2232 auctor,
865 2157 1033 2232 ubicunque
1056 2156 1136 2214 locos

124 2244 269 2321 quosdam
287 2246 414 2320 exempli
431 2265 492 2306 non
511 2247 670 2322 expedivit,
688 2266 783 2306 vacua
797 2203 920 2323 reiiquit
934 2245 1041 2323 spatia,
1060 2263 1136 2320 quae

123 2333 222 2393 verbis
245 2334 293 2392 vel
310 2334 419 2393 litteris
439 2335 654 2409 praetermissis
672 2338 742 2410 apte
761 2336 873 2411 expleri
891 2337 1025 2410 possent,
1047 2333 1136 2393 libra·

123 2425 187 2482 rius
213 2423 446 2482 Barbarinianus
474 2425 574 2483 omnia
599 2424 720 2498 scripsit
745 2425 888 2482 continua
912 2424 1027 2481 lacunis
1052 2420 1136 2480 nullo

124 2510 211 2570 modo
231 2512 402 2588 designatis.
434 2512 512 2571 unde
525 2512 776 2570 Barbarinienum
793 2510 1000 2586 apographum
1016 2528 1051 2567 ex
1065 2509 1137 2566 Am-

123 2600 263 2659 brosiano
287 2602 502 2678 transcriptum
524 2620 587 2660 esse
611 2601 684 2659 satis
707 2599 812 2658 elucet.
845 2596 975 2656 codicem
997 2597 1136 2658 Barberi·

124 2691 248 2749 nianum
270 2693 368 2748 totum
392 2689 518 2764 contuli,
542 2709 608 2748 cum
631 2691 663 2746 in
682 2687 894 2762 Ambrosiano,
916 2688 948 2745 in
969 2706 1059 2763 quem
1077 2707 1137 2747 non

124 2779 208 2856 prius
230 2778 393 2838 incideram
419 2797 508 2854 quam
534 2778 693 2836 collatione
719 2775 828 2835 codicis
848 2781 880 2835 Κ
903 2776 965 2836 iam
990 2777 1136 2852 absolute,

125 2887 174 2928 eos
201 2871 320 2927 tantum
346 2867 427 2926 locos
451 2867 644 2942 inspexerim,
672 2867 708 2924 de
732 2865 840 2941 quibus
864 2867 966 2942 alique
989 2867 1136 2927 dubitatio

124 2957 267 3015 restabat.

192 3067 444 3122 Laurentianus
465 3067 600 3123 xxm
619 3068 660 3123 52
685 3081 760 3122 saec.
778 3063 857 3122 XIV.
878 3063 1020 3123 exeuntis.
1058 3062 1136 3121 codi-

126 3171 188 3212 cem
202 3153 352 3230 integrum
366 3151 523 3227 descripsit
536 3153 637 3228 Tycho
652 3153 816 3213 Mommsen
824 3153 957 3227 Pareryc
965 3153 1137 3220 Pindarico,

124 3242 226 3316 Proqr.
242 3241 347 3317 θῦνον.
362 3241 502 3315 Francos.
522 3243 561 3300 ad
575 3243 674 3302 Moero.
691 3244 776 3301 1877
782 3287 791 3311 ,
807 3245 894 3301 4-6
899 3266 907 3317 ;
930 3242 1043 3301 scholia
1062 3259 1137 3315 quae

125 3335 260 3406 praestat
282 3331 458 3390 Theocritea
484 3332 629 3391 tractavit
652 3327 828 3390 Franciscus
852 3329 946 3390 Garin
967 3329 1054 3388 scaci
1075 3330 1136 3387 itai.

126 3421 158 3480 dt
175 3422 244 3492 filet.
264 3421 748 3490 cioss.15,1907,311-314.
785 3439 850 3479 eam
878 3419 987 3479 codicis
1013 3421 1138 3493 partem,

127 3528 202 3584 quae
222 3511 411 3570 Theocritum
435 3514 464 3571 et
482 3511 687 3587 Lycophronis
709 3528 812 3570 versus
832 3507 1139 3570 1410-14740011-
