2446 3870
475 121 476 124 ’
495 110 637 164 Praefatio
655 109 682 162 Π
913 69 914 73 =
1032 109 1096 164 xlx

82 283 179 341 tribus
197 281 300 341 formis
319 280 443 339 diversis
461 279 523 337 iam
540 279 573 336 in
592 279 753 354 archetypo
773 278 951 338 exstiterunt
968 280 1052 339 velut
1066 279 1097 338 Il

84 365 239 450 saltabo,
257 370 303 428 III
317 370 443 444 itabc,
464 362 619 448 crastimo,
633 367 677 424 IV
688 366 833 446 62s63od
847 368 932 428 aliae.
960 388 1014 428 neo
1027 386 1096 428 raro

83 461 179 519 altera
192 459 287 519 forma
301 479 336 518 ex
350 458 446 517 altera
460 458 596 517 derivata
610 459 668 530 est3
688 457 821 516 conferas
835 457 906 515 Ild
916 477 924 516 ε
935 476 959 532 o,
975 457 1041 516 341)
1052 478 1060 517 :
1070 477 1097 531 a,

85 543 201 629 82s85e
212 568 219 606 :
229 550 306 623 f-.i‚
322 547 484 622 1·18bc:a‚
498 546 544 605 HI
559 545 732 605 aarzb-d
747 545 816 606 alia.
846 548 978 605 ceterum
992 547 1096 606 distin·

84 637 202 715 guenda
220 641 290 697 sunt
307 637 345 695 ab
359 637 406 696 his
420 636 540 696 scholiis
553 635 740 694 brevioribus
755 636 917 712 archetypo
932 636 1097 695 tribuendis

83 726 285 786 Laurentiana
306 717 361 785 illa
383 725 554 785 recentioris
579 726 717 801 originis,
740 724 776 783 de
801 725 908 800 quibus
927 743 1017 801 supra
1036 728 1097 802 egi-

84 835 158 874 mus.
191 811 297 891 neque3
309 833 368 874 uno
386 811 488 874 tenore
508 814 621 874 scholia
640 815 796 889 archetypi
814 814 926 889 scripta
945 815 1035 873 fuisse
1054 817 1097 873 vi-

84 905 198 964 dentur.
212 905 340 984 tabellas
349 904 427 964 enim
438 906 464 963 si
473 903 634 980 diligenter
642 903 793 978 inspicias,
802 922 871 962 mox
881 903 1009 962 elucebit
1017 904 1097 962 haud
1158 904 1160 908 ’

83 1013 180 1070 pauca
194 995 307 1053 scholia
324 994 355 1052 in
371 993 494 1052 diversis
509 992 592 1051 libris
607 992 655 1052 vel
668 992 814 1050 librorum
828 991 951 1050 familiis
966 993 1038 1051 loeis
1054 992 1098 1050 di·

84 1084 177 1142 versis
195 1083 332 1142 inveniri.
361 1082 439 1140 unde
457 1083 531 1140 haec
551 1085 628 1140 certe
646 1083 679 1138 in
698 1081 859 1157 archetypo
875 1085 958 1140 extra
972 1081 1097 1142 scholio-

84 1192 150 1230 rum
166 1172 300 1232 ordinem
313 1175 433 1231 vcrsata
447 1189 510 1229 esse
519 1173 653 1246 apparet.
673 1170 851 1245 archetypus
862 1172 952 1228 etiam
965 1171 1098 1249 glossis

83 1261 248 1320 instructus
267 1261 327 1318 fuit
345 1262 442 1334 iisque
460 1259 533 1318 satis
547 1259 721 1319 numerosis.
755 1278 809 1334 pro
824 1259 930 1337 glossis
945 1261 1024 1318 enim
1037 1279 1097 1318 non

85 1368 138 1407 eae
156 1352 276 1406 tantum
294 1349 555 1408 adnotatiunculae
571 1349 724 1407 habendae
739 1351 816 1423 sunt,
836 1367 912 1423 quae
927 1350 976 1409 vel
988 1351 1020 1408 in
1036 1357 1096 1408 om-

85 1438 173 1517 nibus
187 1439 235 1496 vel
248 1437 280 1495 in
295 1438 490 1517 complurium
504 1438 687 1496 familiarum
701 1436 787 1495 libris
801 1438 880 1496 inter
894 1440 992 1497 textus
1002 1437 1097 1496 lineas

86 1527 214 1603 scriptae
233 1526 386 1604 leguntur,
409 1528 461 1587 sed
480 1546 531 1586 eae
551 1546 681 1602 quoque,
706 1545 782 1602 quae
801 1527 832 1584 in
852 1527 913 1585 alia
931 1527 1047 1586 familia
1065 1530 1097 1585 in

85 1633 192 1690 corpus
206 1616 385 1675 scholiorum
399 1609 629 1701 (praetermissis
644 1633 732 1691 saepe
745 1607 951 1697 lemmatibus)
961 1618 1097 1693 receptae

85 1707 168 1778 sunt,
193 1723 260 1780 cum
282 1707 315 1764 in
334 1706 395 1780 alia
412 1707 511 1764 locum
530 1704 724 1781 principalem
745 1703 937 1763 obtinuerint.
971 1724 1095 1781 quarum

84 1794 254 1875 glossarum
269 1813 340 1870 pars
353 1795 484 1853 maxima
497 1813 532 1852 ex
547 1793 742 1870 amplioribus
757 1794 876 1852 scholiis
891 1797 1029 1870 excerpta
1044 1797 1096 1853 est.

86 1882 125 1940 et'
142 1883 287 1942 scholium
312 1879 431 1959 quidem
456 1883 544 1943 modo
569 1883 601 1941 in
624 1883 727 1942 eodem
751 1883 851 1941 codice
875 1883 923 1942 vel
944 1883 976 1940 in
995 1883 1096 1958 eadem

85 1972 204 2031 familia
226 1975 376 2032 servatum
400 1975 446 2032 est
468 1991 528 2048 qua
551 1972 665 2049 glossa,
688 1970 775 2030 modo
799 1971 885 2046 alibi,
908 1972 995 2031 modo
1014 1973 1096 2031 soho·

85 2057 160 2119 lium
188 2061 338 2136 quoddam
364 2061 513 2121 interiisse
541 2062 640 2138 glossa
667 2059 827 2135 superstite
850 2061 913 2120 veri
935 2059 970 2119 fis
992 2061 1096 2121 simile.

87 2150 222 2224 exempla
240 2170 275 2208 ex
293 2151 331 2209 iis
350 2169 426 2226 quae
445 2149 591 2208 edidimus
610 2148 698 2208 facile
715 2148 847 2226 colligas.
880 2169 966 2209 rarae
980 2169 1051 2209 vero
1065 2152 1097 2208 in

87 2238 249 2314 archetypo
277 2239 367 2297 fuisse
394 2237 535 2297 ridentur
556 2238 672 2316 glossae
694 2238 765 2298 illae
787 2237 964 2314 vilissimae,
991 2238 1098 2316 quibus

86 2325 202 2385 codices
224 2327 401 2386 recentiores
423 2326 593 2385 redundant
616 2329 646 2385 et
669 2345 744 2402 quae
768 2346 828 2385 non
847 2327 885 2386 ad
903 2346 963 2402 res,
991 2327 1042 2386 sed
1061 2329 1097 2386 ad

86 2415 164 2475 solas
184 2433 271 2474 voces
289 2415 494 2475 insolentiores
513 2415 702 2492 explicandas
720 2418 879 2492 pertinent.
1095 2431 1098 2433 ’

154 2504 218 2575 Quo
241 2507 401 2580 tempore
424 2505 514 2564 codex
534 2506 712 2581 archetypus
732 2507 871 2564 exaratus
890 2505 993 2581 fuerit,
1017 2509 1098 2565 certo

85 2595 148 2652 iam
171 2593 319 2670 explorari
342 2613 402 2654 non
424 2597 532 2672 potest.
564 2613 612 2654 res
634 2597 712 2653 enim
730 2594 997 2672 palaeographicae
1017 2595 1099 2654 velut

86 2681 104 2741 d
123 2684 239 2741 etcum
257 2706 277 2742 c
294 2687 325 2743 et
343 2703 408 2742 cum
428 2687 444 2742 λ
461 2686 662 2761 permutatum
688 2676 775 2763 (XIV
790 2685 831 2742 64
851 2681 906 2742 oda
925 2681 972 2743 ἀεί
988 2703 1042 2760 pro
1062 2683 1097 2744 οὐ

86 2770 140 2848 δεῖ,
158 2771 214 2830 XV
230 2765 350 2853 60s62a
367 2771 493 2844 ἒξαυδᾶς
506 2793 560 2850 pro
574 2769 603 2844 ἐξ
619 2764 725 2853 αὐλᾶς)
740 2773 816 2831 nihil
830 2791 883 2832 nos
897 2774 1012 2847 iuvant,
1031 2793 1098 2832 cum
1130 2785 1133 2792 '

86 2860 199 2920 scholia
217 2863 308 2920 etiam
326 2865 489 2922 recentiore
508 2865 608 2921 aetate
626 2861 735 2922 litteris
754 2881 827 2937 quas
847 2861 952 2920 dicunt
970 2864 1096 2920 semiun-

86 2949 213 3015 cialibus
239 2950 320 3009 haud
346 2970 414 3010 raro
440 2951 590 3026 descripta
617 2953 685 3010 sint.
724 2951 864 3015 universa
890 2969 960 3009 vero
989 2950 1097 3010 codicis

85 3040 208 3113 natura,
228 3058 316 3115 quam
336 3040 457 3116 quidem
475 3039 681 3117 cognovimus,
701 3039 844 3113 adducor,
862 3043 896 3098 ut
914 3040 994 3098 haud
1012 3039 1097 3099 dissi-

85 3127 188 3186 milem
213 3147 281 3187 eum
303 3129 394 3188 fuisse
417 3129 534 3188 credam
558 3128 813 3188 celeberrimorum
837 3128 958 3187 illorum
975 3129 1099 3188 Homeri

85 3218 116 3275 et
133 3216 345 3294 Aristophanis
363 3218 521 3293 librorum,
541 3236 615 3293 quos
634 3218 751 3276 saeculo
770 3217 805 3275 X.
824 3219 872 3276 vel
891 3217 941 3276 XI.
961 3219 1097 3276 exaratos

85 3324 149 3365 esse
168 3309 293 3365 constat.

153 3392 236 3464 Quae
261 3395 297 3455 de
320 3396 435 3455 ratione
457 3396 537 3454 inter
559 3395 674 3455 codices
697 3397 872 3470 praecipuos
895 3393 1096 3454 intercedente
1106 3402 1206 3442 scamma

84 3483 174 3544 modo
193 3485 410 3561 constituimus,
427 3485 484 3543 hoo
503 3488 652 3544 stemma
671 3484 816 3542 illustret:

902 3581 940 3634 bt
