2438 3870
417 149 529 204 Scholia
547 151 559 203 l
575 150 766 205 lle-lidb
1060 151 1102 216 69

85 316 143 395 μὸν
162 315 212 377 καὶ
231 315 370 378 ἐπίπεδον
389 327 526 396 ποιησαι,
549 312 598 396 ἐφ’
618 311 653 378 οὗ
673 319 705 380 οί
719 320 914 397 Κεφαλοίδιοι
933 319 1103 387 δείκνυνται

85 423 299 486 κατοικοῦντες.
364 436 388 476 ο.
415 417 572 494 Θεαίτητος
596 414 628 476 δέ
651 435 726 495 φησι
744 417 951 498 Συρακοσίους
972 416 1030 480 ἀπὸ
1050 427 1190 496 sirmi

86 522 202 603 ῦβρεως
213 518 380 601 (ὀνομάσαι
394 521 553 603 προσθέσει
567 533 619 584 τοῦ
630 503 684 602 S>
709 524 923 603 Ἀσκληπιάδης
938 521 969 584 δὲ
984 521 1102 605 ὁΜιρ-

86 627 191 701 λεανὸς
210 627 259 688 διὰ
280 638 333 690 τοῦ
352 630 370 690 d
388 630 495 710 γράφει
513 631 566 689 καί
582 647 657 708 φησι
676 626 815 710 ’δύβρις
838 629 912 691 κατὰ
929 636 1063 711 γλῶσσαν
1082 627 1101 710 ἡ

59 723 244 788 σ’θοίλασσα.’
268 727 418 807 γράφουσι
436 725 468 788 δέ
486 750 562 800 τινες
580 727 667 788 κατὰ
688 729 851 808 Θῦμβριδ
856 743 906 802 ος·
925 727 1034 789 ἔστιδὲ
1053 727 1103 789 καί

87 819 175 898 οὗτος
193 824 324 904 ποταμὸς
343 826 488 897 Σικελίας.

156 926 254 983 123a..
279 915 302 983 ὦ
330 923 409 982 Πὰν
428 923 523 983 Ποίντ
542 924 680 1002 ποιητικὴ
704 922 903 1003 ἐπανάληψις·
923 924 951 985 εί
968 924 1008 1003 μή
1027 948 1071 998 τις
1090 934 1211 979 ssim

86 1020 281 1081 πιθανεύοιτο
300 1019 402 1101 λέγων,
421 1018 461 1092 ὡς
481 1019 496 1081 ὁ
513 1029 586 1093 νοῦς
604 1019 663 1080 ε’στι
681 1031 824 1095 τοιοῦτος’
845 1014 868 1082 ὦ
888 1021 919 1083 τὸ
933 1032 994 1082 πᾶν
1013 1022 1060 1100 ori,
1079 1015 1102 1082 ὧ

88 1117 168 1195 Ποίν,
189 1118 238 1178 ἵνα
257 1117 289 1178 τὸ
309 1115 362 1196 μὲν
381 1128 498 1200 πρῶτον
517 1126 721 1203 περισπασθῇ,
744 1119 775 1180 τὸ
795 1117 826 1180 δὲ
846 1120 982 1200 δεύτερον
1001 1117 1102 1194 ὀξυτο-

47 1236 73 1276 ιο
87 1221 180 1299 νηθῇ.
234 1216 262 1277 b.
286 1215 338 1278 τὸν
357 1213 388 1276 δὲ
408 1220 497 1276 Πᾶνα
516 1217 547 1276 οί
565 1213 619 1295 μὲν
638 1217 816 1296 Πηνελόπης
834 1217 884 1278 καὶ
900 1213 1062 1291 Ὀδυσσέως
1080 1215 1210 1296 lixam

83 1307 206 1394 Ἑρμοῦ,
225 1311 306 1374 ἄλλοι
326 1311 357 1374 δὲ
376 1313 448 1387 Διὸς
467 1313 516 1374 καί
534 1318 726 1393 Καλλιστοῦς,
745 1313 835 1398 ἕτεροι
854 1313 885 1376 δὲ
902 1314 1035 1397 Αἰθίρος
1053 1314 1103 1377 καί

89 1411 242 1490 Οἰνηΐδος,
261 1411 336 1472 ἔνιοι
355 1405 382 1472 d’
403 1411 543 1491 Οὐρανοῦ
562 1412 611 1472 καί
630 1417 700 1491 Γης.

159 1557 173 1600 2
193 1546 266 1602 Serv.
287 1547 369 1618 Verg.
389 1550 457 1602 Aen.
477 1550 513 1600 III
533 1555 585 1601 500
605 1550 650 1617 (de
667 1549 784 1619 Tiberi):
809 1551 841 1602 ut
864 1551 959 1603 autem
982 1548 1101 1617 Thybris

88 1619 213 1684 dIcatur,
238 1619 309 1673 haec
331 1619 403 1673 ratio
427 1620 478 1674 est.
507 1620 628 1687 quodam
651 1624 775 1688 tempore
794 1621 961 1688 Syracusani
982 1621 1102 1674 vIctores

86 1688 303 1744 Atheniensium
322 1693 457 1759 ceperunt
478 1691 622 1759 Syracusis
641 1692 782 1760 ingentem
801 1693 924 1746 hostium
942 1691 1102 1745 multitudi-

87 1777 152 1814 nem
175 1763 204 1814 et
224 1777 287 1815 earn
306 1762 394 1816 caesis
413 1762 555 1816 montibus
574 1763 701 1816 fecerunt
720 1764 823 1816 addere
842 1762 1016 1817 munimenta
1035 1763 1101 1817 civi·

87 1831 149 1886 tati.
177 1835 245 1886 tunc
264 1833 354 1887 auctis
373 1834 460 1886 muris
480 1835 566 1888 etiam
584 1834 660 1888 fossa
679 1834 846 1888 intrinsecus
866 1836 943 1888 facta
959 1838 1010 1903 cst,
1029 1850 1101 1903 quae

86 1902 202 1958 flumine
225 1904 347 1958 admisso
371 1904 480 1974 repleta
502 1905 679 1959 munitiorem
701 1906 832 1959 redderet
850 1906 999 1958 civitatem.
1028 1905 1102 1960 hanc

86 1975 177 2100 igtur
195 1974 299 2029 fossam
317 1993 368 2045 per
386 1976 510 2029 hostium
528 1993 648 2045 poenam
668 1979 696 2030 et
712 1977 845 2030 iniuriam
859 1977 962 2029 factam
975 1975 1100 2044 Thybrin

87 2051 106 2171 ἓ
145 2046 188 2099 rin
208 2048 280 2114 lori,
299 2064 367 2103 corr.
384 2048 478 2115 Thilo)
497 2051 665 2101 vocaverunt
683 2045 738 2102 ἀπὸ
757 2055 806 2116 τῆς
824 2045 935 2117 ὕβρεως.
957 2087 1007 2100 ...
1027 2047 1102 2100 circa

107 2133 240 2185 yracusas
265 2121 360 2172 autem
384 2136 443 2173 esse
464 2119 569 2172 fossam
587 2118 713 2186 Thybrin
731 2118 844 2172 nomine
863 2117 1026 2171 Theocritus
1044 2136 1100 2171 mc·

86 2188 179 2242 minii.
234 2190 271 2242 ib.
287 2189 349 2243 VIII
364 2195 415 2243 330
430 2190 475 2258 (de
490 2189 608 2258 Tiberi):
628 2188 748 2256 Thybris
763 2188 844 2257 quasi
858 2187 938 2259 ὕβρις
952 2189 1043 2242 dictus
1059 2191 1102 2243 est

87 2257 145 2315 ἀπὸ
163 2269 212 2331 τῆς
230 2259 348 2332 ὕβρεως,
367 2261 396 2314 id
416 2264 459 2314 est
478 2261 513 2313 ab
532 2260 649 2326 iniuria;
675 2276 741 2313 nam
761 2259 895 2314 amabant
913 2259 1032 2314 maiores
1050 2260 1101 2314 nbi

87 2331 224 2400 aspiratio
239 2335 298 2385 crat
311 2335 335 2387 Θ
349 2348 460 2402 ponere.
535 2331 583 2385 alii
598 2333 729 2400 utsupra
744 2330 863 2384 diximus
875 2331 973 2385 volunt
982 2347 1037 2397 eos,
1052 2331 1101 2400 qui

87 2403 124 2456 dc
134 2402 231 2456 Sicilia
241 2406 382 2470 venerunt,
397 2403 523 2472 Thybrin
533 2403 636 2456 dixisse
647 2403 681 2455 ad
693 2402 907 2457 simiIItudinem
915 2403 1008 2457 fossae
1018 2402 1102 2471 Syra

88 2490 218 2543 cusanae‚
238 2491 322 2543 quam
341 2475 465 2528 fecerunt
483 2493 533 2543 per
551 2474 684 2528 iniuriam
703 2474 764 2527 Afri
783 2477 811 2528 ot
827 2473 1009 2528 Athenienses
1024 2474 1103 2527 iuxta

87 2544 211 2600 civitatis
230 2563 347 2600 murum.
405 2546 440 2600 cf.
456 2546 596 2599 Schwartz
611 2546 713 2601 Nacbr.
725 2547 751 2599 d.
765 2547 825 2601 Ges.
839 2547 864 2599 d.
882 2547 961 2600 Wics.
972 2562 1007 2600 κκ
1019 2546 1102 2612 θολλ,

86 2618 236 2672 Pau-hist.
248 2617 295 2672 Κλ.
307 2622 387 2683 1904,
396 2622 453 2672 297
457 2639 467 2684 ;
482 2617 670 2671 Wilamowitz
686 2618 778 2688 Ταπλρ.
791 2620 847 2672 232
861 2624 915 2672 aot.
971 2626 985 2668 8
1005 2616 1101 2685 Steph.

87 2688 153 2757 Byr.
165 2689 281 2759 Θῦμβροι
336 2699 350 2741 σ
364 2689 440 2741 Eust.
451 2688 531 2743 Dion.
542 2689 602 2742 Per.
614 2694 665 2742 350
719 2699 749 2741 ιο
763 2689 819 2743 sch.
831 2690 893 2760 3J4c
904 2705 967 2742 cum
977 2688 1027 2741 loc.
1039 2690 1098 2741 sim.

159 2815 171 2856 1
190 2800 223 2859 οῦ
239 2804 380 2858 Meineke:
401 2802 433 2859 ὃν
452 2805 533 2858 codd.
588 2801 775 2872 Κεφαλοίδιον
793 2801 953 2859 δείκνυνται
972 2801 1100 2856 Meineke

92 2876 200 2931 Viuite.
215 2876 305 2931 Strab.
321 2880 355 2930 71
374 2878 526 2944 praeeunte
545 2875 707 2942 Dnebnem‚
731 2876 779 2943 qui
799 2873 989 2943 Κεφαλοίδιον
1012 2873 1102 2928 latere

87 2946 207 3001 viderat:
237 2945 363 3014 Κίφοιλοι
391 2944 602 3002 ὃιαδιίκνννται
630 2947 710 3000 codd.
818 2956 833 2998 8
856 2945 941 3000 verba
964 2943 1102 3013 ὀνομάσαι

86 3034 238 3104 προσθέσει
256 3044 306 3090 τοῦ
320 3023 345 3090 S
361 3036 493 3106 leguntur
507 3035 536 3088 in
551 3036 611 3088 cod.
626 3053 666 3104 gr.
682 3040 698 3087 4
712 3034 780 3088 bibl.
791 3033 864 3088 Vict.
875 3033 944 3102 Em,
964 3033 1102 3102 ὀνομάσαι

87 3107 179 3176 suppl.
194 3107 302 3161 Ahrens
410 3118 424 3159 4
442 3106 506 3175 ipsa
523 3106 701 3175 Asclepiadis
719 3106 805 3159 verba
824 3105 939 3176 agnovit
956 3105 1064 3158 Ahrens

86 3177 160 3232 κατὰ
184 3182 223 3247 γλ.
242 3179 259 3248 ἡ
279 3178 374 3243 codd,
399 3180 505 3246 transp.
521 3177 709 3231 Wilamowitz
817 3187 831 3230 5
849 3176 921 3230 κατὰ
942 3177 1101 3247 Θῦμβριὸος

87 3249 200 3317 scripsi:
224 3249 278 3302 ὑπὸ
306 3249 463 3320 Τῦμβριῦος
487 3249 567 3302 codd.
590 3249 748 3318 Θῦμβριιλος
770 3247 827 3301 iam
845 3247 952 3302 Ahrens
974 3247 1103 3301 voluerat

86 3320 198 3374 restitui
270 3314 472 3374 οῶΠάνοιιι.
488 3326 511 3371 K
582 3331 611 3372 ιο
629 3317 646 3388 ἢ
661 3317 766 3388 Ἑρμοῦ
785 3336 838 3372 om.
853 3326 884 3385 K,
904 3319 1048 3374 cinctam
1063 3318 1100 3379 ad

87 3391 144 3446 sch.
165 3397 246 3445 lisa
353 3389 751 3458 11δὲροελὲτεροιοιο.1ζ
858 3400 886 3442 ιι
912 3389 1045 3458 Οίνηίὸος
1063 3396 1101 3442 Kr

86 3461 233 3532 Νηρηίδος
256 3468 313 3516 GT:
341 3467 378 3516 N.
402 3459 419 3529 ἢ
442 3460 578 3531 Δινηίιλος
599 3466 634 3514 A:
658 3465 695 3514 N.
714 3459 731 3530 ἢ
750 3459 885 3530 Διηνίὸος
907 3467 940 3514 E:
967 3458 1101 3530 Οίνηίδος

87 3532 150 3600 ἤτοι
168 3533 278 3602 Νηΐὸος
296 3533 339 3587 W.
350 3533 384 3587 H.
394 3533 517 3586 Roscher
536 3533 609 3587 Phil.
625 3536 834 3600 53,1894,375
848 3551 875 3586 κ.
887 3536 922 3586 56
