2446 3870
138 124 204 188 256
424 125 536 180 scholia
554 127 604 181 xu
619 128 839 200 τιμον-οσον
849 145 867 181 a

138 300 221 372 τυρεῖ
237 291 268 354 δὲ
287 292 387 365 αύτοῖς
405 288 497 372 <καὶ>
516 294 689 373 Σιμωνίδης
709 289 795 378 (fgm.
812 299 875 357 199
891 297 990 375 Bergk
1006 297 1083 356 Ροελ.
1097 297 1150 372 lyr.

136 411 180 468 γε.
199 386 276 453 ΙΙΙ4
297 385 375 472 523)
393 387 491 472 <τήν>
508 392 662 470 ναυτικήν.

33 505 151 557 unm
206 512 230 553 ο.
253 489 515 573 άριστεύοντεςτ
548 489 598 551 καί
631 493 805 570 Σιμωνίδης
837 486 879 574 (v.
903 486 1006 572 supra)
1039 489 1155 553 ἐπαινεῖ

139 591 208 663 τοὺς
227 593 386 670 Μεγαρεῖς.

114 705 129 748 κ
207 690 235 748 d.
259 686 275 750 ὑ
298 685 330 749 δὲ
352 697 435 760 νοῦς·
466 680 489 747 ὦ
513 690 637 748 Νισαῖοι
660 691 826 770 Μεγαρεῖς,
854 688 1076 768 εύδαιμονοίητε
1104 686 1153 749 διὰ
1177 713 1188 754 ε

140 797 241 864 τοῦτο,
269 785 313 848 ότι
337 785 388 847 τὸν
408 779 573 863 Ἀθηναῖον
601 785 764 863 φιλόπαιδα
791 784 918 848 Διοκλέα
944 785 1153 865 καταφυγόντα

139 885 213 965 πρὸς
231 883 309 964 ὑμᾶς
327 887 426 963 μεῖζον
444 881 465 963 ή
483 884 553 956 τοὺς
572 880 679 957 άλλους
697 882 800 958 ξένους
818 883 978 964 ἐτιμήσατε.

207 1004 232 1044 e.
255 983 327 1046 αιέί
348 983 394 1044 οἷς
422 981 585 1061 Εὐμόλπου
606 981 954 1060 ...ἐπιστρατεύσαντος
977 991 1015 1066 τῇ
1036 975 1154 1066 Ἀττική

140 1077 186 1144 ἐπ’
206 1075 373 1154 Ἐλευσῖνος
393 1078 499 1160 φυγὼν
512 1084 642 1160 Διοκλῆς
660 1081 702 1153 εἰς
716 1080 844 1162 Μέγαρα
863 1073 926 1160 ήκε,
943 1080 996 1142 καί
1011 1101 1080 1141 ποτε
1098 1101 1154 1140 πο-

140 1177 230 1258 λέμου
245 1177 460 1257 καταλαβόντος
474 1186 527 1239 τοῦ
541 1177 647 1240 ἑαυτοῦ
661 1177 811 1258 ἐρωμένου
825 1177 1026 1260 ὑπερασπίσας
1039 1175 1154 1238 ἐκεῖνον
1169 1207 1192 1248 10

141 1276 195 1358 μὲν
209 1277 327 1353 ἔσωσεν,
342 1275 430 1349 αὑτὸς
445 1274 477 1337 δὲ
490 1274 656 1338 ἀπέθανεν·
676 1276 750 1338 ὅθεν
764 1277 856 1339 αὑτὸν
871 1274 911 1350 ὑς
927 1276 1007 1357 ήρωα
1018 1273 1156 1355 σέβονται

141 1376 173 1438 οί
190 1379 347 1457 Μεγαρεῖς.

37 1485 158 1534 δελεντ
208 1476 228 1535 f.
252 1473 316 1534 οῖκ
327 1495 339 1534 ε
350 1473 363 1532 ι’
371 1496 386 1533 ο
397 1494 468 1532 ιτει
492 1474 734 1552 μακαρισθείητε,
758 1473 801 1533 ὅτι
824 1471 1065 1553 ὑπερβαλλόντως
1083 1475 1155 1531 Διο-

141 1571 210 1634 κλέα
232 1571 392 1649 ἐτιμήσατε.
426 1563 512 1643 οὗτος
534 1569 590 1650 γάρ
610 1563 785 1650 Ἀθήνηθεν
808 1571 929 1653 φεύγων
951 1571 993 1643 εἰς
1016 1567 1155 1650 Μέγαρα,

142 1669 282 1748 φιλόπαις
305 1667 466 1749 ὑπερφυῶς
491 1668 546 1741 ὤν,
575 1668 606 1729 ἔν
630 1692 688 1729 τινι
710 1670 787 1754 μάχη
811 1668 962 1752 ἠρίστευσε
989 1667 1038 1729 καὶ
1064 1665 1155 1748 ὑπερ-
1170 1696 1194 1738 1⁶

142 1768 274 1840 ασπίζων
292 1765 372 1838 τινὸς
386 1763 534 1844 ἐρωμένου
548 1765 661 1827 ἐκεῖνον
681 1766 734 1846 μὲν
752 1767 871 1845 ἔσωσεν,
890 1765 978 1841 αύτδς
997 1759 1026 1827 δ’
1045 1763 1154 1827 ἐτελεύ-

141 1883 237 1944 τησεν.
266 1864 340 1926 ὅθεν
358 1863 428 1937 τοὺς
442 1867 594 1945 Μεγαρεῖς
609 1864 712 1941 θάψαι
731 1864 823 1927 αὑτὸν
841 1864 891 1927 καί
909 1874 996 1944 τιμᾶν
1015 1861 1055 1936 ὑς
1073 1863 1156 1942 ήρωα

141 1961 243 2044 ἀγῶνά
265 1985 295 2023 τε
318 1961 398 2048 αύτῷ
418 1968 530 2037 ποιεῖν,
557 1961 590 2024 ἐν
613 1950 637 2046 ᾧ
660 1962 730 2037 τοὺς
756 1963 865 2037 καλοὺς
892 1960 960 2043 περὶ
982 1961 1156 2040 φιλημάτων

141 2060 350 2144 ἀγωνίζεσθαι·
379 2060 431 2122 τὸν
454 2059 486 2122 δὲ
513 2061 754 2139 καταφιλήσαντα
780 2061 880 2123 αὑτῶν
907 2061 1025 2139 ήδιστα,
1050 2067 1155 2120 τοῦτον

142 2159 201 2222 ὑπὸ
220 2170 272 2221 τοῦ
291 2169 393 2239 κριτοῦ
412 2157 453 2232 ὑς
471 2161 589 2236 κρείττω
609 2166 841 2238 στεφανοῦσθαι.
1168 2185 1195 2225 το

116 2291 133 2335 ι
211 2279 341 2336 35-37
354 2296 379 2336 a.
404 2269 423 2355 ή
446 2298 514 2337 που
533 2276 594 2338 τὸν
612 2277 784 2356 χαροπόνι
807 2276 859 2337 τὸν
877 2272 1063 2353 Γανυμήδην
1081 2294 1154 2352 παρ-

142 2373 245 2453 έλαβεν
264 2372 304 2446 ὡς
323 2374 395 2434 θεὸν
414 2373 463 2434 καῖ
478 2373 513 2433 τὰ
526 2373 593 2453 περὶ
606 2375 773 2456 γλυκύτητα
786 2383 846 2434 τῶν
859 2371 1034 2452 φιλημάτων
1051 2369 1155 2433 εἰδότα.

143 2471 202 2532 ἔστι
225 2471 257 2533 δὲ
281 2470 297 2532 δ
319 2480 393 2544 νοῦς
415 2465 513 2544 οὑτος·
543 2473 640 2546 δοκεῖς
663 2495 714 2551 μοι
737 2471 845 2551 όντως,
872 2465 896 2533 ὑ
920 2469 1042 2551 μακάριε
1063 2466 1157 2549 κριτά,

143 2567 347 2630 ἐπικαλεῖσθαι
361 2569 454 2630 πολλὰ
468 2569 519 2630 τὸν
529 2571 714 2650 Γανυμήδην
729 2572 902 2651 σύνθρονον
911 2574 1008 2653 σαυτῷ
1017 2565 1169 2638 πολλάκις

143 2669 280 2748 γίνεσθαι
295 2666 397 2745 ἀξιῶν,
416 2665 456 2741 ὡς
472 2666 564 2728 αὑτοῦ
579 2668 726 2748 παρόντος
740 2667 822 2741 άξιος
836 2669 899 2747 εἴης
912 2677 971 2729 τῶν
984 2665 1158 2745 φιλημάτων
1170 2692 1197 2733 τε

146 2766 262 2847 κριτής,
294 2764 341 2825 καῖ
376 2765 427 2826 τὸν
459 2766 668 2844 μυθευόμενον
702 2767 821 2828 Λύδιον
853 2768 941 2828 λίθον
970 2774 1022 2827 τοῦ
1048 2770 1158 2843 χρυσοῦ

217 2914 231 2956 8
251 2921 309 2973 arg.
325 2919 342 2956 ει
360 2919 423 2955 cum
442 2901 493 2955 loc.
513 2901 575 2956 sim.

217 3040 232 3081 s
250 3032 313 3082 octo
328 3029 387 3083 fero
401 3027 513 3082 litterae
528 3032 701 3082 evanuerunt
771 3039 800 3080 ιε
818 3029 837 3082 1.
852 3026 979 3083 οἰκείοιτε
993 3032 1026 3078 Τε
1041 3021 1158 3092 duim

147 3108 180 3155 G:
200 3098 332 3155 ολκοίοιτε
350 3102 416 3154 συλλ.
507 3109 533 3151 ιῖ
554 3098 625 3154 ὅθεν
643 3103 672 3153 et
690 3116 763 3169 quae
782 3104 938 3168 sequuntur
955 3114 990 3152 ex
1007 3113 1066 3167 arg.
1080 3110 1098 3147 ι
1115 3109 1158 3148 το·

145 3173 237 3241 petita
260 3175 326 3224 sunt
433 3181 461 3224 1⁹
484 3172 577 3225 αὐτῶν
600 3176 688 3226 un:
713 3172 800 3225 αὑτοῦ
818 3178 850 3225 1²:
875 3171 961 3226 αὑτὸν
978 3174 1011 3223 1:
1033 3183 1088 3221 om.
1101 3171 1124 3218 G

147 3255 177 3297 ἓν
197 3240 250 3296 ὑπὸ
269 3252 318 3297 τοῦ
337 3252 433 3308 κριτοῦ
448 3243 557 3295 Ahrens
572 3259 605 3297 ex
620 3260 680 3312 arg.
695 3259 725 3297 εει
744 3241 794 3296 ὑπ’
812 3244 900 3298 αὑτοῦ
913 3239 993 3296 codd
1064 3246 1095 3291 Β
1112 3231 1159 3292 οὑ-

146 3336 194 3377 τος
213 3332 275 3369 eum
295 3336 316 3367 ω
336 3331 420 3383 super
439 3334 453 3367 ο
473 3315 534 3368 eod.
608 3325 636 3367 σε
657 3315 815 3382 σόνθρονος
833 3315 920 3369 tacito
934 3310 1043 3396 Zieglor
1094 3323 1160 3363 σαυ-

145 3392 183 3459 τῷ
201 3386 402 3440 Wilamowitz:
422 3387 510 3456 τούτῳ
530 3386 590 3439 οοδ.
671 3397 700 3439 τε
719 3387 883 3454 φιλημάτων
901 3387 1013 3455 εοτίμειτ
1030 3377 1160 3451 φιλοτιμί-

148 3480 205 3513 vm·
221 3459 281 3512 cod.
354 3459 451 3582 wdrbv
467 3457 664 3526 μυθευόμενον
678 3459 786 3512 Λύδιον
801 3457 922 3528 Ziegler:
940 3457 992 3526 τήν
1005 3447 1160 3525 mm&

148 3552 200 3600 νην
219 3530 329 3586 ,λυδίαν
347 3547 379 3583 co
402 3573 408 3583 .
