2438 3870
142 118 206 196 250
474 162 476 169 .
539 115 651 184 Scholia
669 115 753 186 XIlffla¹

112 324 123 362 2*
141 306 212 361 νους
231 282 313 356 όιΐτας
327 283 401 343 ἔνιοι
415 288 557 361 καλοῦσιν
571 279 610 355 ὡς
624 279 701 361 <οί>
718 286 867 343 Θεσσαλοί.
896 282 945 343 καὶ
958 283 1013 363 γὰρ
1024 277 1153 362 Ἀλκμὰν

142 376 227 461 (fgm.
241 385 302 440 125
318 383 419 459 Bergk
432 383 508 442 Ροεέ.
523 383 576 457 lyr.
589 401 634 455 μυ.
644 375 721 440 111⁴
735 375 793 462 73)
808 380 859 456 τὰς
873 380 1049 462 ἐπεράστους
1062 380 1153 462 κόρας

119 547 121 550 ⁴
141 477 215 559 λέγει
229 476 335 552 ἀίτιας·
358 479 389 540 σί
400 476 432 540 δέ
446 477 529 551 οἰΐτας
543 477 612 551 τοὺς
626 476 771 560 ἑταίρους·
791 477 866 557 φασί
880 477 912 540 δέ
925 501 1002 552 τινες
1015 477 1154 560 λέγεσθαι

141 577 210 648 τοὺς
229 575 380 656 ἀγαθούς,
399 570 463 638 οἷον
482 577 522 655 μὴ
542 576 604 649 ἴτας
622 575 688 636 ἀντὶ
706 586 758 637 τοῦ
778 576 818 655 μὴ
834 577 972 655 ἰταμούς·
996 574 1016 656 ἐχ
1035 575 1119 654 ἀΐτης
1139 575 1154 637 δ

143 678 284 752 συνυΐτης
298 674 347 735 καί
362 677 524 754 σύμπνους.
548 673 619 735 εἰδὲ
634 673 681 735 ἐπὶ
695 673 844 754 ἐρωμένου
858 675 1003 751 τοίσσοιτο,
1017 665 1101 752 όιΐτιχς
1116 673 1154 735 διν
1183 699 1194 738 ε

143 770 253 853 λέγοιτο
272 771 331 835 ἀπὸ
350 783 403 834 τοῦ
421 773 530 834 είσοίειν
548 770 598 833 καί
616 772 746 833 είσπνεῐν
765 771 816 832 τὸν
830 772 921 852 ἐρωτα
937 778 976 857 τῷ
993 770 1154 851 ἀγαπῶντι.

208 868 354 931 ἐκτίθεται
377 869 408 932 δέ
432 880 495 943 πῶς
519 867 534 929 ὁ
557 869 633 950 ἐρῶν
651 868 680 950 <.
696 917 701 928 .
717 866 746 947 .>
764 869 814 930 καί
837 870 872 930 ού
894 871 1025 948 φείδεται
1043 870 1155 930 θεασό-

36 1041 42 1050 .
144 989 237 1049 μενος.
254 969 322 1041 τοὺς
345 978 398 1029 τοῦ
421 967 569 1049 ἐρωμένου
595 977 791 1049 χαρακτῆρας,
819 966 931 1048 εὔχεται
959 966 990 1028 δὲ
1016 978 1075 1028 τῶν
1099 968 1155 1028 δύο

140 1075 249 1145 ,ψυχῶν
268 1066 402 1147 ἁρμογὴν
421 1066 522 1141 αὐτοῖς
543 1064 750 1147 γενέσθαικαὶ
772 1067 871 1143 φιλίας
890 1064 1054 1144 ἀσφάλειαν
1073 1064 1155 1146 μέχρι

142 1161 242 1236 τέλους
265 1163 508 1245 παραμένουσαν,
536 1165 586 1224 ἵνα
608 1164 658 1224 καί
681 1163 752 1243 μετὰ
774 1165 909 1225 θοίνατσν
932 1165 964 1225 οί
984 1159 1055 1243 μεθ’
1076 1160 1156 1242 ἡμᾶς
1170 1189 1196 1234 ιο

143 1262 295 1339 φημίσωσι
313 1262 368 1340 τὴν
387 1261 418 1322 ἐν
437 1261 615 1341 ἀμφοτέροις
634 1260 787 1341 ὁμόνοιαν,
807 1260 938 1342 λέγοντες
956 1259 1033 1340 ἡμᾶς
1052 1260 1083 1321 ἐκ
1102 1270 1156 1322 τοῦ

78 1402 103 1410 ..
125 1369 254 1438 χρυσοῦ
276 1358 382 1440 γένους
404 1359 568 1438 πεφυκέναι
587 1361 657 1432 τοὺς
676 1361 745 1435 δύο,
774 1359 879 1433 οίτινες
904 1358 1034 1439 ἀμοιβὴν
1053 1360 1156 1436 φιλίας

144 1455 288 1518 ἔπνευσαν
310 1458 384 1538 πρὸς
407 1457 559 1539 ἀλλήλους.
592 1457 642 1518 καί
664 1457 733 1530 τοὺς
752 1460 903 1538 Μεγαρεῖς
923 1457 1040 1518 ἐπαινεῖ
1053 1455 1101 1518 ἐπὶ
1119 1462 1159 1540 τῷ

145 1554 327 1632 τετιμηκέναι
345 1555 471 1616 Διοκλέα
489 1556 665 1634 ἐμπεσόντος
687 1553 816 1634 πολέμου
839 1553 1079 1637 ὑπερασπίσαντα
1101 1562 1155 1615 τοῦ

144 1653 223 1713 ἰδίου
247 1651 394 1730 ἐρωμένου
418 1652 468 1712 καὶ
491 1651 565 1732 ὑπὲρ
590 1648 668 1732 [τῆς]
689 1651 803 1714 ἐκείνου
830 1653 1050 1731 τελευτήσαντα·
1082 1653 1156 1712 ὅθεν
1171 1677 1196 1717 ιο

145 1807 229 1867 όδιος.
302 1807 346 1862 Et.
367 1806 438 1860 Gud.
459 1807 742 1875 57‚19DeStefani
813 1807 878 1860 Lex.
896 1807 961 1874 Αίμ.
983 1811 1048 1871 617,
1067 1811 1101 1859 46

82 1928 83 1934 ,
145 1877 278 1932 Ολιοοτολ).
295 1878 373 1934 Orth.
389 1880 489 1948 (Οεουε.
499 1879 552 1932 An.
563 1878 612 1932 Ox.
623 1879 718 1945 ΙΙ113,
730 1881 755 1948 1)
806 1878 925 1946 Hesych.
945 1877 1028 1932 όίταν
1074 1876 1155 1932 Phot.

144 1947 242 2004 ότείταν
293 1950 369 2004 Suid.
384 1949 479 2020 ἀείτης
521 1951 584 2004 Lex.
600 1951 715 2014 Baehm.
730 1955 799 2017 85‚9
846 1949 1156 2015 Eust.732,24;1500‚

145 2026 191 2086 293
212 2028 289 2087 1547,
302 2029 334 2075 18
389 2022 565 2095 sch.12s16b
585 2039 648 2075 cum
667 2021 718 2075 Ιοο.
739 2022 800 2075 sim.

216 2103 229 2145 2
249 2093 293 2146 Et.
308 2093 345 2147 M.
360 2099 403 2160 43,
418 2099 452 2146 40
467 2094 512 2161 (cf.
529 2092 607 2162 Gen.)
663 2093 706 2147 Et.
723 2091 792 2146 Gud.
809 2097 851 2157 58,
868 2097 891 2146 3.
909 2097 940 2143 11
954 2090 996 2144 De
1010 2090 1120 2144 Stefani

145 2163 279 2218 Choerob.
294 2163 371 2219 Orth.
382 2165 410 2233 (l.
421 2165 439 2218 l.
452 2168 552 2233 173,4)
608 2164 685 2218 Suid.
705 2162 782 2217 ἀϊτία
1064 2189 1065 2192 “

217 2311 228 2351 1
249 2299 346 2353 addidi
418 2300 515 2361 ετούς
534 2297 635 2366 κόρους
654 2305 707 2363 GP,
726 2297 776 2358 τὰς
794 2298 835 2351 ἐπ.
856 2294 960 2367 χορδὰς
973 2294 1103 2348 Meineke
1122 2312 1157 2350 ox

147 2389 205 2440 arg.
218 2371 245 2436 b,
264 2371 312 2423 ubi
330 2369 427 2423 videas
513 2381 527 2421 ιι
546 2371 637 2431 ἀίτιας
655 2369 775 2423 Absens:
796 2367 876 2428 ἀίτας
895 2367 975 2420 codd.
1031 2364 1173 2434 ἑταίρουςΙ

146 2442 292 2511 μεταθέσει
314 2450 363 2496 τοῦ
388 2439 564 2511 ἀντιστοίχου
588 2439 604 2508 ἢ
629 2439 709 2502 ύΐτας
733 2439 820 2494 οἱονεὶ
842 2437 879 2506 μὴ
903 2437 1018 2506 ἰταμούς
1037 2439 1102 2507 off)

145 2533 219 2575 τινες
237 2513 366 2582 λέγεσθαι
385 2520 419 2566 K:
440 2512 573 2581 γενέσθαι
588 2516 712 2563 LUEAT
784 2505 903 2577 λόχοιο.
917 2516 940 2561 K
1013 2519 1027 2562 ό
1046 2505 1156 2576 συναεί-

146 2605 195 2653 της
213 2584 261 2636 καλ
279 2584 422 2650 σύμπνους
439 2591 473 2636 K:
499 2583 633 2651 συναέτης
652 2581 752 2651 (αἴτης
771 2588 798 2647 Τ,
820 2583 868 2634 -οιτ
888 2597 930 2648 cp.
945 2581 1004 2649 uA)
1023 2581 1073 2634 καί
1091 2595 1158 2649 συμ-

143 2652 260 2722 ’πολίτης
278 2659 415 2708 Low:
436 2656 577 2722 σύμπνους
595 2655 643 2707 καὶ
663 2654 794 2722 συναίτης
810 2653 857 2706 καὶ
873 2649 1063 2720 συμπορευτής
1076 2656 1122 2704 GP

147 2727 312 2795 εί-λέχοιτο
333 2744 386 2780 om.
402 2732 446 2778 GP
503 2725 596 2794 ἀείτης
615 2722 650 2778 διν
669 2725 774 2794 λέγοιτο
793 2731 828 2776 K:
852 2721 959 2791 λέγεται
978 2726 1103 2774 num

147 2807 260 2852 οπνεῑν
281 2804 325 2850 GP
412 2795 585 2852 εέντίθεται
604 2802 648 2848 01³
703 2796 832 2849 lacunam
851 2793 936 2854 verbo
955 2793 1078 2861 quodam
1096 2793 1157 2847 lau-

148 2870 233 2922 dandi
257 2869 423 2940 explendam
447 2885 554 2922 cense0.
589 2867 673 2921 verba
695 2868 744 2922 καλ
767 2867 799 2920 ού
824 2863 963 2932 φείδεται,
988 2879 1061 2933 quae
1083 2864 1113 2918 in
1134 2872 1157 2917 K

148 2943 257 3004 desunt,
277 2958 293 2994 a
312 2959 352 2995 vv.
368 2941 414 2994 dd.
434 2941 512 2994 varie
529 2941 640 2993 tentata
659 2942 723 2991 sunt
777 2937 934 3006 ἐνθεασμοῦ
953 2953 1003 3005 pro
1017 2935 1157 3005 θεασάμε-

147 3032 195 3074 νος
214 3013 321 3066 Ahrens
404 3023 419 3064 θ
438 3013 533 3073 αὐτοῖς
552 3028 605 3064 om.
620 3017 644 3062 K
731 3019 759 3062 1⁰
777 3008 876 3077 γένους
893 3025 944 3076 pro
963 3007 1058 3070 τέλους
1076 3013 1121 3061 GP

148 3084 174 3137 οἱ
193 3079 248 3150 μετ’
273 3084 375 3145 αύτούς
393 3103 461 3153 φημ.
482 3085 574 3136 αὐτῶν
592 3082 644 3149 τὴν
663 3079 704 3149 ὁμ.
724 3080 777 3148 λέχ.
798 3081 828 3134 ἐκ
848 3084 893 3131 (³1²
965 3089 992 3132 12
1011 3098 1076 3147 πεφ.
1090 3080 1158 3141 τοὺς

148 3156 199 3208 δύο
210 3154 410 3208 Wilamowitz:
426 3174 490 3222 πεφ.
501 3156 566 3214 τοὺς
580 3152 611 3207 δὲ
620 3157 785 3205 num:
802 3153 905 3214 αύτούς
918 3154 1089 3220 γεγενῆσθαι
1100 3155 1157 3202 GP:

147 3245 212 3293 πεφ.
228 3225 355 3279 τοιούσδε
369 3225 477 3277 Ahrens
532 3223 633 3285 οἵτινες
647 3230 703 3277 GP:
724 3222 753 3278 εί
762 3243 836 3284 τινες
849 3229 884 3276 K:
901 3219 917 3289 ἢ
933 3219 1034 3283 οἵτινες
1047 3225 1158 3282 num:

148 3296 165 3365 ἢ
185 3296 214 3351 εί
222 3301 331 3359 τινεςΔ
400 3307 427 3348 18
445 3298 510 3364 post
528 3297 585 3349 ἀλλ.
606 3294 669 3348 add.
685 3294 734 3349 διὰ
751 3293 803 3363 τὴν
821 3290 891 3359 πρὸς
909 3293 1042 3361 ἀλλήλους
1060 3291 1159 3360 φιλίαν

147 3372 272 3420 num
380 3377 408 3419 14
428 3365 592 3436 ἐμπεσόντος
614 3366 733 3434 πολέμου
751 3367 817 3434 post
835 3361 1075 3432 Διοκλέαεοτὶρεί
1094 3362 1157 3426 οολλ

148 3440 204 3492 seh.
220 3439 335 3492 *27f33ez
351 3435 505 3506 ἐμπεσόντα
519 3439 559 3499 εἰς
571 3436 692 3506 πόλεμον
711 3438 761 3506 (εἰς
775 3433 835 3491 πόλ.
851 3437 912 3505 ἐμπ.
927 3439 984 3502 Lu)
998 3435 1079 3495 codd,
1093 3436 1158 3502 post

147 3510 346 3576 τελευτήσαντα
436 3521 463 3562 15
486 3518 534 3578 τῆς
553 3509 645 3562 deleto
664 3508 865 3576 τελευτήσαντα
882 3505 1007 3560 εθεόὶλιιίε
1030 3508 1158 3574 τελευτῆς
