2438 3870
407 149 519 205 Scholia
537 148 789 222 ΙΙΙ49ί51α-541)
1041 151 1110 216 ’133

93 322 144 382 τὸν
163 321 267 399 καιρὸν
286 317 402 393 ἐξιέναι.
436 319 529 390 οίίτως
545 318 716 399 Νίκανδρος
735 312 786 400 (cf.
801 319 872 397 fgm.
890 322 931 378 24
948 319 1109 380 Schneider

93 426 124 479 in
140 422 199 480 sch.
214 420 313 495 Apoll.
328 419 407 476 infra
422 411 495 498 cit).
528 418 687 496 μακαρίζω,
707 418 791 495 φησί,
809 415 860 477 διὰ
877 417 909 478 τὸ
924 415 1037 478 ἐκεῖνον
1052 415 1107 495 μὲν

94 523 248 593 φιλεῖσθαι
265 515 324 576 ὑπὸ
343 515 488 593 Σελήνης,
507 512 556 593 ἐμὲ
576 512 608 574 δὲ
626 513 684 574 ὑπὸ
705 524 759 575 σοῦ
778 521 936 593 μισεῖσθαι.

159 619 186 675 b.
207 610 376 693 Ἐνδυμίων
399 611 479 692 παρὰ
501 619 563 685 τοῖς
585 618 670 684 θεοῖς
689 613 848 692 διατρίβων
866 611 987 694 ήράσθη
1002 608 1106 694 Ἥρας.

65 709 142 791 εὲφ’
163 703 187 796 ᾧ
206 711 371 792 χαλεπήνας
395 710 411 774 ὁ
430 711 507 784 Ζεύς
531 709 649 788 ἐποίησε
671 709 832 783 διαπαντὸς
849 711 1010 771 καθεύδειν
1028 709 1106 772 άθάι

92 835 189 874 νατον.
223 810 254 871 τὸ
274 808 305 870 δὲ
324 808 443 892 άντρον,
462 797 532 892 ένῷ
551 806 724 886 ἐκάθευδεν,
743 807 775 868 ἕν
789 809 902 895 Λάτμῳ
916 818 969 888 τής
983 811 1104 892 Καρίας.

159 931 182 971 ο.
207 908 357 982 ζαλωτὸς
377 907 452 987 μένε
469 901 673 984 Ἐνδυμίωνος
691 905 811 986 ήράσθη
820 907 945 987 ,Σελήνη
963 907 1014 968 καί
1031 908 1151 969 uerter

91 1008 123 1069 τὸ
143 1006 212 1089 ύρος
231 1008 262 1069 τὸ
282 1009 418 1086 Λάτμιον
437 1015 489 1084 τής
508 1007 622 1087 Καρίας
641 1015 853 1086 κυνηγετοῦντι
871 1004 969 1085 ἐμίγη·
986 1005 1036 1066 καί
1055 1005 1106 1066 άλ-

91 1112 284 1186 λημοροῦσιν,
304 1103 344 1177 ὡς
362 1102 391 1183 <.
407 1151 413 1162 .
429 1101 458 1181 .>
477 1104 678 1184 φιλοκύνηγος
697 1101 740 1163 ὢν
757 1114 793 1188 τῇ
813 1103 932 1188 Σελήνη
951 1104 1106 1185 συνεθήρα

49 1223 76 1262 ιο
91 1205 209 1281 νυκτός,
227 1200 337 1281 ήμέρας
357 1200 388 1262 δὲ
407 1202 564 1261 ύπνωττεν.

157 1303 184 1360 d.
205 1295 381 1360 'Icolmvoct
396 1293 511 1359 Ἰασίων
530 1297 546 1359 ὁ
565 1298 657 1376 Κρής,
676 1299 796 1380 Κρήτης
814 1299 961 1379 βασιλεύς,
984 1301 1049 1372 υίὸς
1069 1311 1211 1358 leuem

89 1392 128 1476 ήν
148 1399 276 1469 Μίνωος
298 1391 349 1456 καὶ
372 1397 502 1477 Φρονίας
524 1397 655 1475 νύμφης.
687 1397 781 1481 τούτῳ
804 1397 837 1458 έν
856 1402 976 1476 λειμῶνι
994 1421 1104 1477 κοιμω-

90 1495 167 1581 μένῳ
186 1493 206 1574 ή
225 1494 371 1575 Δημήτηρ
391 1500 522 1574 συνῆλθε
541 1494 591 1554 καὶ
610 1494 685 1556 έτεκε
703 1494 755 1555 τὸν
775 1498 921 1558 Πλοῦτον.

156 1613 180 1655 e.
205 1591 394 1673 βέβαλοιε
422 1591 564 1672 άμύητοι,
587 1592 830 1674 άμνστηρίαστοι,
853 1594 998 1673 μυστήρια
1017 1593 1057 1672 μή
1091 1606 1214 1656 teum·

48 1709 73 1750 15
89 1691 208 1771 ἔχοντες.
241 1692 439 1773 παρεμφαίνει
465 1689 496 1752 δὲ
522 1692 663 1770 μυστικὸν
688 1691 739 1753 τὸν
765 1693 857 1775 έρωτα
878 1688 1028 1766 Ἰασίωνος
1053 1692 1103 1754 καί

88 1790 254 1871 Δήμητρος.

156 1901 205 1957 52.
230 1896 292 1957 τὰν
319 1897 491 1974 κεφάλανι
517 1895 557 1969 ὡς
579 1894 700 1976 ήμέραν.
737 1896 831 1957 πολλὰ
853 1897 908 1977 γὰρ
932 1895 1102 1977 <Αίολτκὰ>

87 1990 203 2079 σῴζεται
220 1993 300 2074 παρὰ
318 1995 544 2073 Συρακουσίοις.

155 2105 230 2161 ola.
255 2100 299 2172 ὡς
325 2099 401 2179 μέλι
425 2121 491 2160 sos:
518 2099 597 2172 ὅντως
622 2100 708 2161 τοῦτό
733 2117 779 2160 σοι
803 2097 843 2171 ὡς
866 2099 929 2178 με’λι
952 2101 1046 2180 γλυκύ
1063 2112 1210 2159 lucrm

47 2218 73 2256 so
88 2199 176 2258 κατὰ
194 2201 214 2276 β
220 2199 383 2276 ρόχθοιο,
402 2195 531 2257 τουτέστι
549 2207 602 2257 τοῦ
622 2199 784 2277 φάρυγγος,
803 2196 930 2277 γένηται,

154 2291 209 2374 [λα]
234 2292 278 2366 ὡς
306 2292 383 2372 μέλι
410 2317 464 2354 τοι
486 2293 596 2374 γλυκύ
619 2305 722 2355 τοῦτο
747 2294 834 2355 κατὰ
852 2296 1025 2376 βρόχθοιο
1044 2295 1144 2378 με’-ΡΤ

85 2415 196 2452 νοιτοτ
225 2392 354 2471 βρόχθος
382 2390 491 2472 λέγεται
519 2392 550 2453 τὸ
578 2391 735 2452 έπίλακκον
765 2391 865 2473 μέρος,
892 2394 924 2455 τὸ
953 2394 1023 2474 μετὰ
1048 2395 1100 2457 τὸν

85 2490 238 2570 τράχηλον,
257 2489 344 2550 ποιὸν
364 2483 435 2570 ήχον
455 2488 627 2552 ἀποτελοῦν.

156 2637 182 2678 11
200 2626 265 2679 Hes.
281 2626 385 2697 Theog.
401 2632 451 2679 969
461 2645 520 2694 sqq.
583 2627 639 2681 sch.
655 2648 667 2681 ε
684 2633 734 2681 125

156 2763 169 2804 1
187 2752 323 2805 Nicandri
341 2768 451 2816 nomen,
471 2752 546 2820 quod
565 2753 594 2806 in
614 2753 693 2806 codd.
715 2755 751 2806 ad
770 2755 828 2809 sch.
843 2760 876 2807 52
892 2755 1039 2824 delapsum
1055 2756 1097 2808 in·

85 2824 202 2889 venitur,
221 2824 276 2875 huc
294 2824 432 2891 pertinere
451 2823 523 2875 vidit
541 2823 620 2876 Buck
638 2825 706 2894 (38);
727 2824 761 2879 cf.
781 2828 879 2879 notam
898 2827 935 2880 ad
954 2827 1011 2880 sch.
1027 2831 1060 2879 52

85 2892 276 2963 κμακαρίζων
294 2901 318 2945 Κ
405 2893 550 2963 8Λάτμον
570 2895 658 2960 codd„
679 2911 747 2950 corr.
763 2895 833 2950 Call,
918 2897 1097 2951 ῡλωο.111(11-

85 2967 157 3032 cavi,
182 2984 245 3019 cum
263 2965 524 3034 interpretationem
543 2965 725 3034 allegoricam
742 2968 832 3035 ipsam
851 2969 991 3022 interiisse
1009 2968 1096 3038 Apol-

83 3037 154 3090 lonii
176 3037 282 3090 scholia
300 3037 369 3089 sctis
389 3037 508 3090 doceant
593 3047 618 3090 11
638 3035 653 3091 ὃ
673 3037 749 3106 Κρής
767 3041 795 3092 et
813 3039 1023 3109 υἱὸς-νύμφης
1041 3057 1095 3094 om.

84 3115 157 3161 xo?
236 3118 263 3160 18
283 3111 410 3162 Πλοῦτον
429 3107 525 3162 Trici:
545 3109 699 3163 Πλούτωνα
718 3109 798 3164 codd.
817 3110 906 3164 nostri
984 3122 1013 3164 15
1030 3115 1096 3181 post

83 3180 192 3249 ἔχοντες
220 3180 283 3232 odd.
312 3177 415 3250 βέβηλα
440 3186 463 3230 K
534 3178 667 3247 μυστικὸν
695 3188 730 3234 K:
756 3181 947 3250 ’μοστηριακὸν
975 3185 1040 3236 cett.

82 3262 109 3303 11
134 3253 170 3314 ὡς
197 3250 311 3320 ἡμέραν.
342 3249 429 3310 ούτως
456 3248 619 3316 Νίκανδρος
646 3258 681 3303 K:
713 3250 878 3320 Νίκανδρος
903 3253 1031 3322 κεφαλὰν
1058 3255 1096 3314 ὡς

82 3322 189 3391 ἡμέραν
211 3325 274 3376 cett.
304 3323 337 3375 cf.
354 3321 384 3376 0.
400 3320 552 3374 Schneider
571 3323 707 3378 Νίοοκιλτ.
723 3328 783 3378 135.
817 3324 895 3379 Buck
913 3325 999 3378 verba
1017 3326 1094 3378 codi-

83 3394 122 3446 cis
145 3401 168 3445 Κ
192 3393 279 3455 οὕτως
301 3391 465 3460 Νίκανδρος
487 3393 522 3445 od
541 3392 725 3462 Endymionis
748 3395 873 3450 fabulam
896 3412 946 3449 suo
968 3397 1029 3450 iure
1051 3413 1095 3448 re-

83 3464 200 3530 vocavit,
220 3484 244 3517 v.
259 3466 315 3517 sch.
331 3469 462 3517 49-51ο
519 3463 608 3518 πολλὰ
626 3481 702 3533 seqq.
723 3483 776 3521 om.
791 3475 814 3519 K
868 3465 1028 3539 <Αλολικά>
1048 3466 1093 3520 vel

83 3535 173 3588 simile
192 3535 260 3602 quid
278 3535 454 3588 intercidisse
472 3535 580 3588 monuit
599 3535 666 3590 Geel
