2438 3870
111 139 175 203 136
474 138 586 193 Scholia
605 139 643 193 IV
657 143 753 192 ο-Ἰιι

24 317 124 363 num
179 309 207 367 5.
231 306 338 378 αὐτὸς
360 299 388 366 δ’
414 305 449 378 ἐς
472 299 537 366 τίν’
557 303 730 384 ἅφαντοςι
754 301 820 366 δδέ
839 305 999 384 βουκόλος,
1020 307 1134 387 φησίν,

109 404 151 477 εἰς
169 404 235 464 τίνα
253 404 350 484 χώραν
369 400 455 487 ιβγετο
475 402 595 481 ἀφανὴς
612 404 771 484 γενόμενος
788 400 863 482 ἤδης

178 505 231 562 6ο.
256 501 320 563 οὐκ
342 499 512 574 έίκονσαςι
536 501 592 562 οὐκ
614 499 831 582 ἀναγέγραπται
849 499 865 562 δ
884 502 987 582 Αἴγων
1007 523 1134 581 νενικη-

109 598 169 672 κὼς
186 595 337 678 Ὀλύμπια.

26 707 146 752 auem
180 698 208 756 b.
232 691 282 757 ἐπ’
300 697 473 774 Ἀλφειόνι
495 695 560 758 ἀντὶ
578 706 631 758 τοῦ
650 696 698 758 ἐπὶ
716 698 772 776 τὴν
788 691 962 777 Ὀλυμπίαν·
982 705 1140 781 παραρρεῖ
1161 721 1172 761 ι

109 794 165 876 γὰρ
185 794 279 873 αὐτὴν
298 793 314 856 δ
331 789 474 873 Ἀλφειός.
565 868 566 871 ¹

25 903 103 949 ΙΙΕΑΤ
177 913 200 953 0.
229 895 373 954 Μίλωνι
405 892 457 953 τὸν
480 893 691 972 Κροτωνιάτην
714 893 845 954 Μίλωνοί
874 911 983 971 φησιν,
1015 889 1054 954 ὃν
1078 895 1135 956 καλ

107 983 306 1070 Ἀριστοτέλης
323 985 408 1073 (fgm.
424 994 465 1051 47
471 995 487 1050 7
503 993 590 1067 Rose‚
607 992 716 1052 1556b
733 987 834 1072 3-9)
849 991 1027 1071 πολυφάγον
1042 994 1134 1071 φησί.

110 1086 227 1169 λέγουσι
247 1085 278 1148 δέ
297 1089 389 1150 αὐτὸν
407 1083 483 1149 εἶναι
501 1088 552 1149 καλ
570 1087 716 1169 ἀνδρεῖον.
748 1088 870 1169 ἐβρώθη
889 1086 921 1148 δέ
935 1088 994 1150 ὑπὸ
1008 1100 1132 1152 κυνῶν·

110 1184 209 1246 ἐλθὼν
227 1185 282 1266 γὰρ
297 1187 339 1258 εἰς
353 1185 421 1265 ὅρος
434 1185 482 1246 καλ
498 1185 593 1267 εὑρών
607 1211 690 1259 τινας
704 1185 828 1267 δένδρον
843 1188 1002 1267 σχίζοντας,
1020 1197 1135 1268 σφῆνα
1149 1214 1173 1254 ιο

111 1280 143 1344 δέ
170 1285 315 1363 βαλόντας
344 1283 433 1361 μέσον
460 1295 512 1345 τοῦ
541 1285 645 1364 ξύλου,
673 1287 771 1345 θέλων
798 1283 931 1364 ἐκβαλεῖν
959 1284 1050 1358 αὐτὸς
1076 1287 1134 1348 τδν

111 1392 214 1461 σφῆνα
231 1381 383 1461 ἐκρατήθη
402 1379 466 1442 ἐκεῖ
479 1380 528 1442 καὶ
548 1383 642 1456 οὕτως
660 1381 830 1461 ἐτελεύτησε.

19 1488 126 1534 ,ιυελτ
182 1484 235 1539 Ἱκ.
263 1478 322 1539 καὶ
349 1480 443 1541 πόκα
468 1489 588 1559 τῆνοςι
616 1478 667 1540 καλ
688 1481 757 1542 πότε
780 1480 892 1554 ἐκεῖνος
914 1479 1014 1541 έλαιον
1036 1475 1134 1563 εἶδεν,

111 1575 127 1637 ὃ
145 1577 219 1638 κατὰ
237 1575 273 1636 τὰ
291 1577 440 1657 γυμνάσια
454 1575 642 1653 ἄλείφονταις
661 1578 765 1656 ἥκιστα
778 1577 833 1659 γὰρ
849 1580 880 1639 οί
891 1578 1024 1660 ἀγροῖκοι
1038 1578 1134 1668 ἐλαίη)

111 1685 243 1759 χρῶνται.
277 1675 330 1755 οὐχ
353 1674 393 1748 ὥς
415 1698 493 1749 τινες
514 1673 770 1755 ἀναγινώσκουσιν
788 1676 925 1754 ἐλαιόν,
949 1673 988 1748 ὡς
1007 1674 1133 1760 ἀραιόν,
1148 1701 1173 1744 ιι

112 1767 152 1834 ἵν’
172 1763 192 1859 ᾖ
211 1779 359 1852 σημαῖνον
376 1773 408 1834 τὸ
427 1771 610 1854 ἀγριέλαιον,
629 1773 658 1847 ἐξ
678 1767 713 1834 οὗ
734 1767 962 1853 δὈλυμπιακὸς
981 1772 1135 1852 στέφανος

111 1872 268 1951 σύγκειται.
300 1869 442 1952 ἀγνοοῦσι
459 1873 529 1952 γάρ,
549 1871 593 1931 δτι
612 1869 627 1931 δ
643 1865 840 1950 Ὀλυμπιακὸς
859 1870 1004 1949 στέφανος
1022 1871 1057 1933 ἐκ
1075 1883 1134 1954 τῆς

111 1969 344 2047 καλλιστεφοένου
371 1967 469 2042 ἐλαίας
492 1967 649 2050 λεγομένης
670 1970 797 2046 δίδοται,
821 1970 884 2048 ἥτις
907 1967 937 2049 <.
953 2015 959 2029 .
975 1965 1004 2048 .>
1027 1969 1135 2052 ἀπέχει

112 2069 239 2128 σταδίων
266 2065 355 2146 ὀκτώ,
388 2067 428 2141 ὥς
456 2085 549 2146 φησιν
573 2061 770 2149 Ἀριστοτέλης
798 2063 856 2150 (De
880 2071 945 2127 mir.
970 2087 1049 2131 ausc.
1075 2073 1133 2148 51,

113 2160 285 2247 834a12).
1147 2192 1174 2233 ιο

183 2322 197 2364 5
217 2311 290 2366 Serv.
306 2311 389 2381 Verg.
405 2311 504 2381 Georg.
523 2312 561 2365 ΙΠ
581 2317 613 2364 19
705 2322 717 2363 ι
737 2311 838 2364 Athen.
856 2311 881 2364 X
899 2316 1093 2365 4120-4132
1122 2277 1126 2283 Ι

111 2394 139 2436 1⁷
157 2382 239 2436 Paua.
254 2382 280 2436 V
295 2389 337 2449 15,
352 2387 367 2434 3
429 2383 486 2436 sch.
501 2385 547 2438 Ar.
562 2381 636 2436 Plut.
652 2388 702 2436 586
767 2381 844 2438 Suid.
863 2379 978 2437 κοτίνου
996 2382 1132 2458 στεφάνη)

183 2534 196 2575 1
215 2522 247 2576 l.:
267 2521 351 2584 αὐτός
369 2525 443 2578 ἐστιν
462 2523 590 2592 δίφαντος
609 2532 643 2579 K:
666 2524 753 2586 ωὑτὸς
771 2522 801 2580 δ’
821 2527 849 2586 ἐς
866 2522 921 2580 τίν’
943 2524 1073 2593 ἄφαντος
1093 2532 1131 2581 G:

113 2594 200 2655 ωὑτὸς
219 2591 246 2647 δ’
268 2598 356 2647 un:
381 2595 465 2657 αὐτὸς
483 2594 552 2649 δέΤ
650 2607 665 2648 4
686 2594 860 2664 Ὀλυμπιακοέ
877 2604 901 2649 Κ
1000 2595 1052 2649 51.
1072 2613 1131 2654 om.

112 2670 242 2718 mum
301 2662 555 2734 ἀντί-Ὀλυμπίαν
574 2673 631 2720 M:
652 2664 788 2735 Ὀλύμπια
806 2673 841 2721 K:
866 2685 920 2721 om.
935 2669 1000 2722 συλλ.
1060 2685 1132 2736 παρ.

112 2736 166 2806 γὰρ
193 2735 280 2805 αὐτὴν
306 2743 341 2789 K:
367 2754 433 2804 παρ.
458 2736 511 2805 γὰρ
537 2739 624 2792 ἐκεῖσε
649 2744 705 2790 PT:
732 2738 783 2806 τὴν
807 2737 838 2793 δέ
860 2735 1131 2807 Ὀλυμπιοίδοῖ’καρ.

113 2811 179 2862 ceth.
266 2817 293 2859 18
312 2807 406 2862 ἔλαιον
425 2803 513 2874 εἶδον,
532 2806 547 2862 ὃ
567 2816 602 2862 K:
627 2808 708 2863 ἐλαίω
728 2809 861 2880 ἐχρήσατο
882 2809 983 2880 (-ίσατο
1002 2811 1069 2877 ΕΤ),
1092 2811 1133 2874 ὡς

113 2874 145 2949 (ὦ
165 2882 195 2948 (λ)
218 2880 282 2932 cett.
392 2889 419 2931 15
443 2879 480 2940 ὡς
498 2878 600 2945 ἀραιόν
618 2896 671 2933 om.
688 2885 813 2933 oum
920 2891 947 2933 1⁷
967 2880 1030 2950 γάρ,
1049 2879 1094 2935 δτι
1114 2881 1131 2936 δ

108 2948 222 3019 Ὀλυμπ.
243 2948 380 3018 στέφανος
398 2950 428 3004 ἐκ
446 2957 496 3017 τῆς
514 2951 734 3020 καλλιστεφοένοο
753 2959 788 3006 K:
809 2951 848 3019 δέ,
868 2949 911 3006 ὅτι
929 2946 1010 3013 οὗτος
1029 2952 1060 3006 ἐκ
1079 2961 1133 3024 τῆς

113 3020 277 3083 καλλιστέως
295 3023 367 3089 (οῦς
385 3023 415 3090 Τ)
435 3023 499 3074 cett.
573 3032 600 3074 18
619 3021 767 3092 λεγομένης
785 3024 906 3077 Ahrens:
926 3020 1073 3093 λεγόμενος
1091 3030 1131 3080 K:

113 3089 262 3161 γενόμενος
285 3095 350 3146 cett.
423 3092 499 3145 haud
522 3109 613 3161 pauca
634 3094 769 3148 excidisse
788 3095 857 3148 haec
876 3111 948 3162 quae
967 3093 1132 3149 Aristotelis

113 3165 246 3232 putantur
258 3162 344 3216 verba
358 3163 471 3216 docent:
491 3165 521 3218 ἐν
539 3168 578 3236 τῷ
597 3164 734 3236 Πανθείω
753 3167 826 3221 ἐστὶν
845 3165 934 3233 ἐλαία,
951 3168 1078 3220 καλεῖται
1096 3167 1131 3222 δὲ

114 3233 343 3302 καλλιστέφανος
371 3234 474 3303 ταύτης
500 3233 594 3289 πάντα
621 3235 656 3289 τὰ
684 3237 774 3306 φύλλα
799 3247 861 3299 ταῖς
885 3241 996 3298 λοιπαῖς
1021 3233 1133 3301 ἐλαίαις

114 3304 229 3360 ἐναντία
254 3303 381 3374 πέφυκεν
401 3347 407 3358 .
424 3346 430 3358 .
446 3348 474 3360 ..
510 3305 566 3360 ἀπὸ
592 3308 694 3377 ταύτης
719 3308 810 3376 φυτὸν
835 3310 927 3380 λαβὼν
953 3306 968 3362 δ
990 3304 1132 3378 Ἡρακλῆς

115 3376 265 3445 ἐφύτευσεν
281 3373 471 3444 Ὀλυμπίασιν,
490 3374 542 3446 ἀφ’
564 3373 598 3444 ἧς
617 3378 643 3432 ολ
663 3377 796 3448 στέφανοι
810 3388 869 3441 τοῖς
882 3381 1019 3448 ἀθληταῖς
1032 3377 1132 3434 δίδον-

113 3468 168 3502 ται.
203 3448 259 3503 ἔστι
282 3448 313 3503 δὲ
337 3446 407 3516 αὕτη
431 3447 468 3517 (h.
484 3465 507 3502 e.
531 3449 605 3503 oliva
627 3450 710 3504 initio
734 3453 959 3519 commemorata)
980 3448 1061 3515 παρὰ
1077 3449 1132 3506 τὸν

110 3516 229 3574 Ἰλισσὸν
242 3518 378 3588 ποταμόν,
393 3517 524 3582 σταδίους
535 3519 670 3591 ἑξήκοντα
680 3522 768 3592 (legas
778 3522 850 3578 ὀκτὼ
861 3540 924 3576 cum
934 3521 991 3575 sch.
1001 3519 1132 3590 Theocr.)
