2438 3870
139 133 256 188 XXXIV
560 131 700 188 Praefatio
720 131 745 185 V

141 302 247 360 melius
276 319 368 379 genus
396 304 516 360 secutus
543 301 677 360 ordinem
705 302 828 362 alterius
857 303 1008 362 diversum
1034 303 1156 361 omnino

141 392 231 450 tacui.
263 391 339 449 talia
360 389 470 448 omissa
488 408 551 449 esse
568 391 745 467 plenumque
763 410 822 450 non
841 391 981 452 indicavi.
1012 391 1066 450 ubi
1084 409 1157 452 vero

142 480 234 540 codex
252 479 290 538 ob
308 480 474 553 lectionem,
492 480 524 536 in
543 497 603 555 que
622 498 689 538 cum
703 480 770 539 aliis
785 484 940 556 consentit,
959 483 1158 556 inapparatu

142 568 339 627 nominandus
354 572 427 643 erat,
445 571 531 627 uncis
543 569 680 627 rotundis
694 571 758 628 eius
773 571 881 648 siglum
894 572 1012 644 inclusi,
1031 571 1058 629 si
1071 588 1157 645 prae·

142 661 224 717 tersa
248 658 322 716 vitio
345 657 503 718 laborabat
525 677 560 716 ex
583 659 648 735 lege
672 661 774 717 nostra
792 661 983 738 neglegendo.
1016 656 1159 718 velutad

142 746 216 804 XIII
232 747 273 805 54
299 747 390 805 verba
415 751 658 827 παρεμυθοῦντο·
683 745 841 825 χαριέντως
868 745 899 808 δὲ
925 745 965 821 ὡς
988 745 1036 807 ἐπὶ
1058 757 1160 828 πηγῆς

143 853 237 913 φησιν
256 838 288 894 in
302 841 420 905 LUOE)
439 837 566 895 inveniri
585 835 697 910 notavi,
720 855 787 895 oum
801 839 833 895 in
847 843 873 896 X}
888 847 923 916 τῆ
937 847 975 918 γῆ
989 857 1044 913 pro
1058 845 1159 916 πηγῆς

142 927 244 1001 inepte
263 928 409 1002 scriptum
427 928 475 984 sit.

212 1023 293 1093 Quae
316 1023 375 1083 viri
397 1023 479 1083 docti
500 1024 548 1083 vel
571 1025 603 1081 in
624 1024 806 1083 scholiorum
824 1024 1003 1084 editionibus
1022 1024 1070 1083 rel
1089 1022 1159 1083 aliis

143 1115 217 1173 locis
239 1114 319 1171 haud
341 1131 409 1171 raro
432 1113 679 1172 reconditioribus
698 1113 737 1170 ad
755 1113 868 1172 scholia
887 1112 1072 1172 emendanda
1089 1133 1161 1189 pro-

144 1203 287 1277 tulerunt,
306 1221 398 1278 quam
415 1202 501 1278 potui
515 1201 743 1278 diligentissime
756 1205 931 1278 conquisivi.
963 1205 996 1260 in
1010 1205 1161 1278 apparatu

144 1311 215 1351 vero
244 1310 293 1350 eas
320 1294 439 1349 tantum
468 1293 697 1349 coniecturas
720 1292 866 1352 notandas
890 1292 973 1366 duxi,
1003 1309 1080 1366 quas
1104 1293 1162 1350 aut

145 1400 233 1440 verae
257 1385 310 1440 aut
332 1381 395 1439 veri
418 1381 497 1439 certe
523 1381 635 1438 similes
654 1399 717 1439 osse
735 1380 926 1456 videbantur3
955 1399 1080 1456 quarum
1098 1383 1160 1456 pri·

145 1489 226 1528 mum
249 1472 400 1528 auctorem
419 1469 586 1528 nominasse
605 1471 679 1528 satis
697 1469 797 1530 habui.
827 1489 903 1546 quae
921 1470 1019 1529 adhuc
1037 1488 1091 1546 pro
1112 1489 1162 1529 co·

146 1559 245 1618 dicum
263 1558 442 1618 lectionibus
460 1559 536 1617 falso
551 1558 794 1636 divulgabantur,
812 1561 871 1617 nisi
884 1561 1072 1635 paucissimis
1085 1559 1161 1619 locis

146 1667 205 1708 non
224 1650 460 1708 commemoravi.

213 1745 355 1805 Indices
374 1746 472 1805 adhuc
491 1745 648 1805 exstabant
666 1749 696 1805 et
714 1750 868 1805 auctorum
888 1749 1048 1805 citatorum
1067 1748 1098 1805 et
1116 1765 1161 1805 re

146 1855 213 1894 rum
231 1835 477 1910 memorabilium,
496 1854 572 1912 quos
591 1854 609 1892 a
628 1836 801 1894 Wartono
820 1835 968 1894 confectos
989 1834 1163 1894 Gaisford

24 1938 25 1944 ’
146 1925 316 2001 repetierat.
338 1943 405 1983 cum
418 1943 489 1984 vero
504 1924 617 1984 scholia
631 1943 688 1982 non
704 1926 827 2002 perlegi,
841 1925 893 1984 sed
906 1926 998 1984 variis
1012 1923 1049 1981 de
1064 1926 1163 1984 censis

148 2015 235 2074 modo
258 2015 307 2074 hic
325 2014 413 2072 modo
432 2014 496 2072 illic
514 2013 622 2090 inspici
641 2015 769 2088 soleant,
792 2015 824 2071 in
843 2013 959 2073 duobus
978 2013 1039 2071 illis
1056 2014 1163 2073 indici·

147 2103 203 2162 bus
226 2104 411 2163 tenuioribus
435 2105 557 2162 minime
581 2105 770 2178 acquiescens
788 2121 880 2162 novos
900 2120 1009 2179 eosque
1028 2101 1164 2179 locuple-

148 2193 281 2251 tissimos
300 2192 494 2252 elaborandos
514 2193 689 2251 existimavi.

217 2619 336 2692 Restat,
362 2621 396 2676 ut
418 2621 532 2694 grstias
556 2636 644 2696 agam
666 2617 781 2676 debitas
800 2619 831 2676 et
848 2618 983 2694 Regiae
1002 2617 1165 2677 Littera-

150 2727 226 2766 rum
255 2707 434 2766 Societati
461 2706 712 2784 Gottingensi,
745 2707 830 2765 cuius
859 2706 1064 2765 munificentie
1090 2707 1167 2766 mihi

151 2796 273 2873 obtigit,
296 2800 331 2854 ut
348 2796 544 2855 bibliothecas
562 2796 808 2871 Laurentianum,
827 2796 1020 2869 Vaticanum,
1037 2794 1165 2854 Ambro-

151 2886 279 2960 sIanam,
311 2885 478 2944 Parisinem
505 2888 569 2962 ipse
597 2885 726 2960 adirem,
758 2888 789 2943 et
815 2885 926 2963 RegIo
955 2884 1166 2944 Ministerio

151 2975 293 3033 Artium
311 2973 618 3050 Litterarumque,
642 2975 721 3050 quod
744 2976 875 3032 muneris
898 2973 1011 3048 publici
1034 2974 1166 3032 vacatio-

152 3084 220 3122 nem
244 3063 283 3122 ad
305 3065 415 3123 itinera
438 3064 575 3122 facienda
598 3066 713 3140 petenti
736 3064 824 3122 semel
849 3066 939 3137 etque
956 3065 1065 3121 iterum
1083 3062 1166 3122 beni·

152 3153 293 3231 gnissime
307 3153 453 3229 praebuit.
477 3156 631 3228 praeterea
646 3155 757 3228 optime
771 3153 808 3209 de
821 3152 877 3210 hoc
889 3152 1041 3210 volumine
1051 3151 1166 3211 edendo

152 3244 254 3301 meriti
272 3246 343 3301 sunt
357 3239 429 3301 Otto
443 3242 612 3301 Immisch
627 3247 657 3300 et
672 3240 874 3314 Cosentini,
892 3258 967 3315 quos
982 3258 1074 3314 supra
1088 3258 1168 3300 com-

152 3332 316 3391 memorari
327 3325 368 3411 (p.
379 3324 488 3412 XXII),
503 3331 662 3390 Eduardus
672 3329 814 3406 Aloysius
828 3329 878 3387 Do
894 3328 1049 3403 Stefani,
1064 3331 1117 3405 qui
1131 3328 1168 3389 de

152 3420 226 3480 locis
251 3421 429 3496 quibusdam
453 3421 655 3498 Etymologici
678 3418 810 3478 Gudiani
835 3418 991 3477 certiorem
1015 3437 1063 3475 me
1085 3419 1168 3493 fecit,

154 3508 300 3589 Georgius
313 3510 501 3586 Wissowa,
519 3512 604 3569 cuius
618 3509 775 3568 consilium
789 3509 998 3585 gravissimum
1011 3526 1168 3583 nunquam
