2446 3870
353 127 466 183 Scholia
484 131 510 184 x
524 128 763 201 ιηιττ-ιεγοιο
1000 128 1065 193 237

122 314 145 354 ο.
169 295 342 377 ιιόρθνοςι
366 305 419 357 τοῦ
437 295 469 358 ἕιι
487 305 547 357 τῶν
565 294 686 375 άμαλῶν
704 294 897 377 συγκειμένου
916 303 1068 375 θημῦνος.
1079 307 1115 351 Π

122 393 149 452 d.
173 404 234 466 τᾶς
252 393 423 474 κύρθυοςι
447 404 499 456 τοῦ
519 403 616 474 σωροῦ
636 403 687 455 τοῦ
706 395 797 456 σίτου.
830 393 901 454 ὅταν
923 393 980 475 γάρ
997 392 1033 454 τὰ
1056 403 1176 450 ww

59 492 211 572 δράγματα
230 492 321 575 ὃεθῇ,
344 492 413 564 τοὺς
437 492 563 573 στάχυας
586 493 749 575 σωρεύουσι
766 491 841 573 πρὸς
860 490 1004 571 ἀλλήλους
1021 514 1068 552 νε-

57 589 211 667 νευκότας,
235 590 270 650 τὰ
289 587 320 650 δὲ
339 594 418 650 κῶλα
436 589 549 664 αὐτῶν,
572 591 592 650 ἄ
610 611 687 664 τινες
704 590 814 663 αύλούς
833 595 989 680 καλοῦσιν,
1013 588 1068 662 ἔξω

30 686 237 766 ετετραμμένα
255 685 357 765 έῶσιν,
380 687 461 761 ὅπως
485 687 536 749 διὰ
557 697 616 749 τῶν
635 688 734 750 αὐλῶν
753 686 768 749 ὁ
788 695 867 762 σῖτος
885 688 1070 770 ῥιπιζόμενος

58 776 209 868 συμπίπτῃ
230 809 257 846 τε
276 784 325 846 παλ
343 784 469 866 ἄβροχος
487 785 536 846 ιιαλ
554 785 685 865 ἄσηπτος
703 787 849 872 διαμείνῃ.

125 905 148 944 e.
172 881 192 962 ἢ
212 882 379 963 ζέφυρονι
403 881 422 962 ἡ
442 884 578 958 σύνταξις
596 885 701 958 ούτως·
725 881 744 963 ἡ
759 885 834 964 τομὴ
849 884 921 964 ύμῖν
936 894 988 964 τῆς
1001 882 1095 964 κύρ-1

57 988 136 1054 θυος
154 980 280 1060 βλεπέτω
299 981 329 1055 ἒς
348 981 454 1062 βορέαν
473 980 583 1061 ἄνεμον
601 981 621 1061 ἢ
640 982 669 1055 ές
688 981 824 1063 ζέφυρον.

126 1083 293 1141 48-51ο.
318 1086 416 1141 σῖτον
439 1079 646 1154 ἀλοιῶνταςι
667 1080 749 1162 ἑτέρα
771 1082 955 1161 παραίνεσις·
979 1081 1179 1141 &nuum

19 1200 46 1241 ιο
58 1178 128 1251 τούς
148 1176 201 1257 μὲν
219 1176 368 1250 ἀλοῶντας
388 1181 569 1261 μεσημβρίας
587 1178 679 1240 ἀλοᾶν
699 1179 748 1240 διὰ
766 1178 798 1240 τὸ
814 1177 981 1258 ἐπιτήδειον
994 1173 1071 1240 εἶναι
1181 1229 1183 1233 ,

58 1276 110 1338 τὸν
133 1276 249 1355 ιιαιρύν·
278 1276 347 1348 τοὺς
371 1274 402 1336 δὲ
425 1275 562 1354 ἀμῶντας
584 1275 650 1358 ἄρτι
671 1275 899 1356 λευκαινομένης
922 1285 974 1357 της
997 1274 1071 1355 ι’χοῦς

58 1372 199 1454 ἄρχεσθαι
218 1383 271 1434 τοῦ
289 1373 418 1453 ἀμητοῦ,
441 1375 541 1455 λήγειν
560 1372 591 1436 δέ
609 1374 850 1454 έπισιιιαζομίνης
867 1373 927 1454 ἤδη
945 1384 997 1454 τῆς
1015 1383 1071 1455 γῆς

59 1469 245 1545 έιιιτλίνοντας
268 1473 299 1533 τὸ
323 1482 435 1550 ιιαῦμα,
463 1472 592 1534 τουτέστι
618 1473 650 1536 τὸ
678 1471 767 1552 μέσον
794 1483 847 1552 τῆς
872 1470 982 1552 ἡμέρας
1004 1470 1071 1553 ι’γρε-

60 1580 196 1649 μοῦντας.

21 1691 47 1733 τε
128 1669 155 1727 b.
175 1669 210 1729 τὸ
226 1669 481 1748 μεσημβρινόνε
500 1667 565 1729 ἀντί
579 1679 632 1731 τοῦ
647 1670 687 1749 μὴ
702 1668 734 1731 έν
749 1671 913 1754 μεσημβρίᾳ
925 1669 1036 1730 ιιαθεύ-
1058 1682 1180 1728 unm

62 1767 124 1828 δειν
148 1761 210 1826 ἀλλ’
236 1766 372 1848 ἐνεργεῖν.
409 1766 573 1845 ἐπιτήδειος
595 1769 650 1850 γάρ
674 1766 751 1829 ἔστιν
775 1764 790 1826 ὁ
816 1765 918 1847 καιρὸς
942 1765 1016 1846 πρὸς
1040 1764 1072 1826 τὸ

61 1864 164 1926 ἀλοᾶν·
190 1865 356 1945 φρύγοντος
372 1863 428 1945 γάρ
442 1876 494 1926 τοῦ
510 1862 596 1942 ἡλίου
610 1865 665 1944 τὴν
679 1867 815 1943 καλάμην
828 1864 861 1925 τὸ
875 1863 985 1944 ἄχυρον
999 1882 1074 1943 συμ

62 1965 157 2043 βαίνει
175 1963 346 2041 λεπτότερον
363 1965 508 2043 γίνεσθαι,

130 2082 152 2121 ο.
182 2062 213 2120 οῖ
237 2060 269 2120 ἕν
302 2061 393 2120 ἄλωνι
425 2062 629 2141 συντρίβοντες
660 2061 711 2122 τὸν
739 2067 820 2122 σῖτον
852 2060 996 2141 φεύγουσι
1023 2059 1183 2120 τὸνιάοῑες

23 2181 49 2222 ιο
63 2160 169 2220 ύπνον.

131 2257 157 2314 d.
182 2255 320 2334 καλάμη
344 2256 376 2316 τὸ
399 2254 549 2333 κατωτέρω
573 2266 625 2317 τοῦ
649 2259 786 2338 στάχυος,
815 2257 885 2318 ὅσον
910 2279 938 2317 τε
962 2255 1017 2316 σὺν
1040 2262 1147 2338 τῷῠετ

67 2354 170 2432 στάχυϊ
191 2352 322 2430 τέμνεται
344 2352 393 2414 παλ
417 2353 488 2414 ὅσον
511 2353 543 2415 έν
567 2365 602 2440 τῇ
625 2365 663 2440 γη
687 2353 816 2433 ἄτμητον
837 2354 1077 2432 ἀπολιμπάνεται.

133 2471 156 2510 ε.
181 2448 354 2531 ἄρχεσθαι
379 2445 406 2512 δ’
427 2449 604 2528 άμῶνταςι
627 2451 683 2514 ούιι
706 2452 855 2527 ἀσκόπως
881 2451 969 2534 ὁγὰρ
988 2467 1104 2533 ιιορυ-Κ

69 2548 173 2620 ἀαλλὸς
191 2547 257 2630 περὶ
275 2549 307 2610 τὸ
326 2550 465 2627 λυκύφως
481 2548 622 2630 ἐξέρχεται
640 2551 681 2622 εἰς
700 2551 751 2623 τὰς
770 2552 874 2630 νομάς,
894 2551 940 2612 ὅτε
954 2549 1003 2611 καί
1016 2557 1078 2623 τοῖς

26 2668 53 2710 ισ
68 2653 219 2728 θερισταῖς
242 2646 377 2728 προϊέναι
399 2649 600 2728 συμβουλεύει.
633 2650 695 2711 τότε
719 2651 873 2730 συμβαίνει
897 2650 966 2721 τοὺς
993 2647 1078 2710 ἀστά-

66 2770 138 2826 χυας
156 2745 215 2807 ἀπὸ
233 2756 285 2825 τῆς
304 2747 412 2826 δρόσου
431 2753 592 2827 τηρεῖσθαι.

139 2886 152 2927 2
176 2882 224 2941 τῆς
242 2876 302 2944 (sic)
327 2883 416 2941 σωροῦ
440 2884 489 2929 τοῦ
513 2874 598 2930 σίτου.
633 2875 772 2943 ὅτανγὰρ
792 2879 879 2927 un:
902 2873 1011 2940 κύρθυν
1029 2872 1079 2928 τὸν

69 2947 158 3013 σωρὸν
177 2947 256 3014 λέγει.
286 2944 353 3000 ὅταν
372 2947 402 3002 δέ
423 2949 487 3000 cett.
565 2958 579 2999 8
598 2966 704 3001 νενευιι,
724 2951 812 2998 un:
833 2945 940 2999 ἔσωθεν
959 2951 1016 2999 GP:
1036 2966 1081 3000 νι-

68 3040 141 3073 νευκ.
163 3018 308 3071 έσωῦυνΐ
405 3029 418 3070 ὅ
437 3017 609 3086 τετραμμένα
628 3019 748 3071 Ahrens:
772 3015 975 3085 τετραμμένους
993 3021 1080 3071 un:

70 3087 243 3155 ἐστραμμένα
267 3092 331 3142 συλλ.
391 3090 473 3142 ἐῶσιν
491 3107 544 3142 om.
560 3094 634 3141 uu
725 3086 946 3157 οσυμπίπτηται
963 3088 1081 3158 (emend.

69 3160 364 3227 Wilamowitz)UEAz
380 3158 526 3228 πιαίνηται
541 3162 605 3214 cett.
657 3161 704 3212 καλ
720 3159 839 3229 ἄβροχος
853 3176 929 3227 seqq.
939 3165 1047 3213 omffl’

71 3243 82 3284 λ
107 3232 174 3300 ἡμῖν
194 3231 253 3283 cod.
344 3241 359 3282 ⁹
383 3229 418 3283 έτ,
438 3250 503 3298 παρ.
524 3248 578 3284 om.
593 3235 744 3283 marr
834 3240 863 3283 1⁰
886 3233 936 3299 μέν
955 3239 1047 3283 om.K

70 3299 265 3369 διά-καιρόν
279 3318 331 3355 om.
344 3307 412 3354 GPT
485 3312 512 3354 12
531 3304 742 3370 έπισκιαζούσης
760 3309 784 3353 K
855 3311 883 3354 18
902 3303 1036 3357 ἐλιννύειν
1051 3302 1082 3356 δὲ

71 3375 101 3428 τὸ
121 3383 215 3441 καῦμα
234 3379 303 3426 (m
357 3373 528 3441 ἠρεμοῦντας
547 3373 658 3443 scripsi:
679 3374 790 3442 ἠρεμεῖν
812 3373 893 3427 codd.
974 3383 1001 3425 ιο
1020 3373 1085 3427 ἀντὶ

70 3447 229 3513 -ένεργεῖυ
244 3462 297 3498 om.
309 3450 379 3497 (m
451 3455 478 3496 1ss
497 3442 772 3512 ἐπιτηδειότατος-ὁ
789 3444 973 3515 μεσημβρινὸς
986 3440 1085 3510 ιιαιρύς

74 3516 258 3584 -φλέγοντος
277 3537 301 3584 γ.
316 3536 338 3568 τ.
359 3514 438 3585 ἡλίου
457 3525 610 3584 τηνικαῦτα
629 3515 680 3584 τὴν
699 3536 722 3569 ιι.
744 3521 813 3568 (m
