2438 3870
133 128 173 192 78
468 125 580 182 Scholia
599 125 649 181 VII
664 127 809 200 ab-bsvc

84 305 120 349 ΚΕ
196 295 224 354 b.
248 293 276 372 <.
292 341 298 356 .
313 291 343 375 .>
366 293 417 355 τὸν
440 303 499 354 τῶν
522 292 654 376 δένδρων
676 292 792 376 καρπὸν
814 291 957 372 ύφθονον
979 293 1030 356 καὶ
1048 293 1145 356 πολύν

130 390 296 471 ἀκμάζοντα
319 390 369 452 καὶ
387 392 501 471 δαψιλῆ
524 391 576 454 τὸν
594 390 643 453 ἕπλ
665 400 717 472 τῆς
736 392 796 453 δίλω
815 389 1001 474 συνηγμένον
1018 391 1143 474 καρπόν.

129 491 280 552 κολακεύει
299 487 331 551 δὲ
348 489 404 568 τὴν
417 489 580 572 Δήμητραν
598 486 670 568 <διδι
686 488 741 568 τδ>
761 493 880 563 πολλοῖς
893 489 967 551 ἔτεσι
980 489 1035 568 τὴν
1049 487 1144 570 αὐτὴν

130 586 280 666 εὐθηνίαν
298 587 480 666 αὐξηθῆναι.

86 714 122 757 Π
199 724 222 764 ο.
246 704 446 765 θαλύσιατ
469 702 627 784 Δήμητρος
650 701 735 783 ἑορτὴ
758 703 828 782 μετὰ
846 703 902 782 τὴν
920 701 1067 784 συλλογὴν
1084 712 1144 764 τῶν
1170 729 1182 768 ι

129 811 259 881 καρπῶν.
288 798 480 882 καλὍμηρος
500 795 535 884 (Ι
545 795 638 883 534)·
659 799 801 862 ’θαλύσια
819 805 918 887 γουνῷ
935 798 1052 881 ἀλωῆς.’

196 919 223 977 d.
242 916 301 978 καί
318 918 563 998 Φρασίδαμοςι
583 910 669 990 οὗτος
688 915 704 979 ὅ
723 916 782 978 καὶ
800 917 944 994 περισσός.
968 917 1001 979 τὸ
1015 916 1048 980 δὲ
1062 917 1143 998 ἑξῆς·

128 1024 163 1098 τῇ
176 1020 259 1094 Δηοῖ
271 1015 328 1098 γὰρ
342 1016 436 1089 ἔτευξε
450 1016 582 1076 θαλύσια
595 1014 611 1077 δ
628 1016 820 1097 Φρασίδαμος
834 1014 884 1076 καλ
896 1011 956 1095 <δ>
966 1009 1142 1098 Ἀντιγένης.

28 1149 123 1202 [¹³⁵ss
196 1153 224 1210 4.
247 1149 280 1211 τὸ
299 1150 511 1223 Λυκώπεος
534 1151 682 1222 Αίολικῶς
704 1150 969 1231 προπαροξύνεται·
992 1149 1095 1231 ἐπειδὴ
1114 1151 1146 1212 οί

128 1247 247 1320 Αἰολεῖς
262 1240 408 1327 Ἀχίλλευς
426 1247 476 1308 καλ
494 1247 614 1327 Πήλευς
632 1246 748 1328 λέγουσι
766 1247 947 1327 βαρυτόνως,
966 1244 1075 1327 δμοίως
1092 1246 1143 1309 καλ
1157 1272 1182 1311 ιο

128 1343 160 1406 τὸ
179 1345 361 1424 Λυκύπευς,
384 1345 434 1406 διὰ
456 1355 542 1407 τοῦτο
566 1342 585 1424 ἡ
609 1354 668 1405 τῶν
690 1345 733 1419 είς
755 1343 806 1417 εἷς
828 1345 929 1426 γενικὴ
952 1341 1023 1427 παρ’
1042 1344 1144 1420 αύτοῑς

127 1444 388 1525 προπαροξύνεται.

22 1584 120 1630 mu
196 1579 281 1636 5—9
293 1597 318 1636 a.
342 1587 448 1657 χαῶντ
466 1587 525 1638 τῶν
542 1576 677 1658 ἀγαθῶν.
709 1576 764 1657 χαὰ
782 1576 838 1658 γὰρ
856 1575 936 1658 παρὰ
954 1577 1142 1656 Λακεδαιμο-

127 1675 204 1747 νίοις
222 1673 258 1733 τὰ
276 1673 389 1755 ἀγαθοί·
409 1681 494 1755 χαῖον
513 1673 545 1737 δὲ
563 1674 595 1736 τὸ
614 1672 729 1756 εὐγενὲς
748 1674 798 1735 καί
816 1673 948 1756 ἀρχαῖον,
967 1671 1076 1753 δμοίως
1092 1673 1143 1735 καὶ

127 1771 159 1833 τὸ
178 1771 259 1851 χύον.
1154 1795 1179 1836 τε

84 1889 119 1932 Π
195 1881 222 1941 b.
246 1880 284 1941 εί
301 1880 337 1939 τί
357 1902 424 1960 περ
448 1877 589 1940 ἐσθλὸν
612 1888 711 1959 χαῶν
734 1889 805 1940 τῶν
828 1875 873 1940 ἔτ’
890 1877 1044 1940 δίνωθεν
1067 1877 1140 1941 ἀπὸ

127 1980 328 2051 Κλυτίαςτ
355 1977 427 2058 χαὸν
448 1976 560 2059 λέγεται
580 1977 613 2039 τὸ
637 1966 755 2058 ἀγαθὸν
778 1977 858 2058 παρὰ
880 1977 1141 2058 Λακεδαιμονίοις,

126 2083 211 2157 χαῖον
230 2074 262 2138 δὲ
281 2075 313 2137 τὸ
332 2073 448 2157 εὐγενὲς
465 2073 532 2155 ἣτὸ
547 2074 677 2156 ἀρχαῖον.
704 2074 720 2136 δ
739 2074 771 2136 δὲ
789 2084 861 2147 νοῦς
876 2075 981 2135 τούτου
994 2083 1139 2151 τοιοῦτος·

126 2175 157 2234 εἴ
170 2175 199 2234 τί
216 2173 294 2235 ἔστιν
312 2173 429 2255 ἀγαθὸν
448 2173 506 2235 ἀπὸ
525 2183 583 2234 τῶν
601 2173 642 2234 ἔτι
662 2171 755 2235 ὄντων
769 2171 898 2255 ἀρχαίων
913 2168 1066 2254 [ἀγαθῶν]
1079 2182 1140 2234 τῶν

126 2271 185 2333 ἀπὸ
204 2281 256 2352 τῆς
274 2273 403 2345 Κλυτίας
425 2295 454 2333 τε
477 2271 527 2333 καί
549 2271 642 2333 αὐτοῦ
660 2281 712 2332 τοῦ
732 2272 907 2349 Χάλκωνος,
931 2264 1017 2331 οὗτοί
1032 2270 1089 2332 είσι
1106 2271 1139 2333 τὸ
1152 2292 1178 2333 ιο

126 2367 243 2449 ιἰγαθδν
261 2368 367 2448 ἐκεῖνο,
386 2367 401 2430 δ
423 2370 614 2449 Φρασίδαμος
631 2369 683 2430 καλ
701 2367 717 2430 ὁ
733 2365 908 2450 Ἀντιγένης.

20 2493 118 2538 “UA
193 2505 216 2546 ο.
237 2482 303 2545 ἀπὸ
323 2486 491 2557 Κλυτίαςε
510 2485 623 2545 Κλυτία
637 2482 731 2563 ὄνομα
749 2484 863 2564 κύριον,
882 2483 1066 2565 Εὐρυπύλου
1084 2492 1138 2546 τού

126 2580 267 2661 βασιλέως
285 2591 343 2642 τῶν
358 2579 454 2665 Κηίων
472 2582 560 2663 γυνή,
578 2582 715 2663 θυγύτηρ
734 2579 765 2642 δὲ
780 2579 932 2664 Μέροπος.
958 2581 1052 2661 φησὶν
1071 2573 1138 2662 οὖν,

127 2679 171 2740 ὅτι
188 2685 339 2761 συγγενεῖς
357 2680 388 2739 ot
404 2681 518 2740 νεανίαι
536 2680 706 2752 Χάλκωνος.

195 2863 210 2905 9
229 2852 337 2904 Ahrens
355 2851 400 2905 De
417 2869 503 2922 ρκαιο.
523 2853 635 2923 linquae
653 2853 720 2907 διὀλ.
741 2854 763 2906 Ι
776 2857 811 2906 14
828 2869 857 2906 ιι.
876 2855 927 2918 13,·
949 2855 985 2904 13
1002 2867 1031 2904 κ.
1050 2854 1086 2905 12

124 2933 152 2976 ια
172 2923 293 2990 Hesyeh.
312 2923 380 2993 χοίϊα
398 2923 478 2994 χύϊος
495 2923 581 2993 ἀχαία
636 2923 918 2992 sch.Ar.LyS.1167

195 3082 278 3136 ιλοο.
294 3083 426 3138 indicavi.
455 3084 491 3136 οδ
515 3099 548 3136 ea
571 3099 644 3152 quae
663 3086 813 3152 supersunt
831 3083 957 3136 conferas
975 3099 1001 3136 τ.
1017 3087 1100 3150 83flq.

123 3165 138 3206 κ
157 3155 188 3208 δὲ
202 3170 256 3207 om.
266 3161 291 3206 Κ
344 3154 473 3223 supplevi
544 3166 558 3206 ο
577 3162 646 3224 γοῦν
660 3155 764 3223 ἀλωηοι
777 3154 866 3222 codd„
881 3152 1102 3222 corr.Xylander

123 3225 257 3279 §addidi
336 3227 527 3288 θΛοκώπτως
545 3225 626 3280 codd.
680 3224 923 3293 προπαροξύνεται
940 3230 973 3278 L:
992 3243 1137 3293 προπαρο·
1192 3228 1195 3235 ’

123 3296 255 3361 ξύνονται
268 3302 302 3350 E:
319 3296 525 3364 παροξύνονται
539 3301 587 3348 ΔΤ
658 3307 684 3349 11
703 3297 799 3358 αύτοῐς
812 3295 894 3352 (λαλλε
910 3296 1004 3350 αύτῶν
1018 3295 1099 3350 codd.

122 3378 150 3420 14
169 3367 204 3421 τὰ
223 3367 322 3438 ἀγαθοί
341 3384 418 3437 seqq.
435 3374 525 3422 οεοῦ
578 3375 660 3438 χαῖον
678 3375 713 3422 K:
733 3364 804 3438 χαδν
822 3371 895 3419 m
950 3367 999 3420 καλ
1017 3365 1079 3437 ἀρχ.
1097 3373 1135 3422 K:

123 3436 140 3507 ἢ
163 3440 195 3492 τὸ
218 3439 279 3510 ἀρχ.
303 3439 409 3509 λέγεται
430 3439 538 3493 ultimis
564 3439 674 3492 omissis
697 3443 770 3491 m
877 3435 940 3507 1θῆ
964 3438 996 3492 τὸ
1015 3438 1136 3508 ἀρχαῖον
1195 3494 1200 3501 ,

123 3526 175 3564 om.
190 3516 210 3563 Ρ
281 3522 309 3563 ιο
329 3511 382 3564 δελ.
397 3510 585 3564 Wilamowitz
657 3520 686 3564 κα
705 3513 754 3565 Κλ.
769 3507 810 3565 ὅν.
825 3509 886 3577 κύρ.
901 3526 955 3564 om.
970 3516 994 3561 K
