2446 3870
476 137 581 206 Σᾶριγξ
601 137 720 209 ο-1λ2ο
1019 136 1082 200 337

73 306 293 385 καταληκτικόν,
312 305 343 366 τὸ
362 303 495 385 πέμπτον
512 305 702 386 τετράμετρον
720 303 931 384 άκατάληκτον,
948 305 980 367 τὸ
1001 303 1084 367 έκτον

74 403 261 485 τετράμετρον
275 403 498 482 καταληκτικόν,
515 403 547 464 τὸ
562 401 690 483 ἕβδομον
703 404 854 485 τρίμετρον
873 401 1083 484 άκατάληκτον,

74 501 105 562 τὸ
126 500 232 582 ὄγδοον
251 503 401 583 τρίμετρον
421 500 642 580 καταληπτικόν,
665 501 697 563 τὸ
717 501 839 561 έννατον
858 502 993 583 δίμετρον
1012 499 1083 560 άκα-

74 599 225 677 τάληκτον,
244 599 275 660 τὸ
291 599 413 660 δέκατον
428 595 577 680 [δίμετρον
591 595 828 680 καταληκτικόν·]
848 598 899 672 τάς
915 599 1084 677 καταλήξεις

48 697 140 776 οέχον
158 699 320 778 γορίαμβον
340 696 388 758 καλ
407 696 551 777 μολοσσὸν
570 697 705 778 δίμετρόν
723 696 782 758 ἐστι
801 695 1020 776 καταληπτικόν.

141 797 168 856 d.
187 792 206 874 ἡ
226 796 388 874 μετάληψις
405 807 457 876 τῆς
478 796 625 877 Σόριγγος
643 784 819 875 οότωςέχει.
1093 807 1185 852 Αοεο.Η

141 916 164 955 ο,
179 894 211 954 τό
226 894 456 976 ἐπιγραμμάτιον
467 894 508 966 εἰς
519 898 620 953 Πᾶνα·
635 893 824 974 ἐπιγράφεται
834 891 865 955 δέ
875 895 987 975 Σᾶριγξ
999 894 1048 954 διά
1061 904 1190 952 λιτόμεθα

75 992 152 1054 τετὸ
173 1002 268 1073 σχῆμα
286 1002 338 1072 της
360 1002 478 1074 γραφῆς
500 990 550 1052 καί
569 991 613 1052 ότι
632 988 646 1051 ὅ
669 989 823 1073 Θεόκριτος
842 992 965 1072 σύριγγα
984 989 1084 1051 άνατι-

75 1090 141 1164 θεὶς
160 1097 198 1174 τῷ
215 1090 295 1151 Πανὶ
313 1100 403 1150 ταῦτα
421 1089 558 1171 έγραψεν.

36 1226 62 1264 ιο
145 1202 202 1286 1s2
213 1227 238 1266 a.
257 1203 276 1284 ἡ
297 1204 328 1267 δέ
347 1206 447 1267 έννοιά
465 1206 524 1268 ἐστι
542 1216 600 1267 τᾶν
620 1207 674 1268 δύο
693 1207 817 1286 πρώτων
836 1207 941 1287 στίχων
959 1207 1046 1286 αὕτη·
1066 1205 1085 1286 ἡ

76 1303 237 1382 Πηνελόπη
257 1302 392 1385 ἐγέννησε
412 1307 500 1364 Πᾶνα
519 1305 570 1366 τὸν
589 1305 720 1366 αἰπόλον.
748 1299 810 1365 εἰπε
829 1302 860 1365 δέ
879 1305 934 1384 τὴν
953 1304 1086 1384 Πηνελό-

75 1423 137 1479 πην
166 1400 322 1475 Οὐδενὸς
348 1402 571 1482 εόνάτειραν,
600 1400 662 1462 ἐπεὶ
686 1401 762 1482 γονὴ
788 1393 827 1480 ἦν
849 1397 1025 1481 Ὀδυσσέως,
1053 1398 1086 1474 ὃς

79 1497 170 1559 Οἰίτιν
184 1498 289 1560 ἐαυτὸν
303 1499 436 1561 ἐκάλεσεν
451 1494 477 1582 (ι
488 1502 550 1560 366
560 1494 647 1581 sqq.).
670 1499 721 1560 τὸν
736 1496 768 1559 δέ
782 1503 871 1559 Πᾶνα
885 1498 959 1560 ένιοι
976 1487 1085 1581 γηγενῆ

77 1598 257 1679 ἱστοροῦσιν,
281 1598 355 1659 ένιοι
374 1597 405 1660 δέ
424 1597 555 1678 Αἰθέρος
578 1596 627 1658 καί
650 1599 773 1676 νύμφης
794 1597 918 1676 Οἰνόης,
941 1594 1036 1677 <ένιοι
1055 1596 1087 1660 δέ

37 1714 62 1753 15
78 1696 257 1770 Ἀπόλλωνος
288 1696 338 1758 καί
366 1695 565 1776 Πηνελόπης>
593 1694 632 1770 ὡς
659 1695 708 1756 καί
737 1695 888 1778 Πίνδαρος
916 1690 1001 1778 (fgm.
1024 1701 1086 1760 100

77 1794 397 1872 Sch1·0ederP0et.lyr.
410 1817 454 1871 γε.
469 1799 493 1854 Ι
504 1788 545 1866 1⁶,
558 1791 648 1878 422),
668 1794 741 1855 ἰνιολ
760 1791 790 1854 δέ
805 1789 975 1867 Ὀδυσσέως.
1006 1798 1048 1854 Μ
1049 1820 1086 1855 α-

76 1892 318 1972 κροπτολέμοο
343 1891 374 1954 δέ
398 1892 528 1973 μητέρα
547 1904 598 1954 τοῦ
620 1893 801 1972 Τηλεμάχου·
823 1891 855 1952 τὸ
874 1891 929 1972 γάρ
948 1897 1013 1970 τῆλε
1032 1917 1088 1970 μα-

76 1991 151 2067 κράν
170 1989 238 2067 ἐστι,
257 1992 383 2068 πόλεμος
402 1988 433 2051 δέ
452 1988 471 2068 ἡ
491 1991 576 2070 μάχη.
606 1996 713 2069 μαῖαν
732 1988 764 2050 δέ
783 1987 994 2070 άντιπέτρου
1014 1989 1088 2067 φησί

77 2086 132 2163 τὴν
155 2081 224 2166 αἰγα
247 2086 301 2165 τὴν
325 2087 544 2165 μαιεασαμένην
563 2086 615 2148 τὸν
634 2089 704 2147 Δία·
728 2086 897 2166 άντίπετρος
920 2085 974 2166 μέν
996 2085 1087 2168 γάρὸ

38 2203 65 2242 ιο
81 2185 165 2262 Ζεύς,
184 2184 283 2261 ἐπειδὴ
304 2179 367 2244 ἀντ’
385 2185 477 2247 αὐτοῦ
495 2185 599 2264 πέτρος
618 2183 712 2263 ἐδόθη
731 2191 770 2269 τῷ
788 2186 905 2270 Κρόνῳ·
925 2183 1037 2267 ἐτράφη
1056 2181 1088 2245 δέ

77 2281 135 2344 ὑπὸ
155 2281 238 2363 αἰγὸς
260 2291 312 2361 τῆς
332 2284 513 2362 Ἀμαλθείας.
546 2283 724 2364 ἰθυντῆρα
748 2275 803 2342 οὖν
826 2291 878 2362 τῆς
901 2292 1014 2365 τροφοῦ
1035 2291 1088 2344 τοῦ

77 2378 160 2456 Διός,
179 2379 307 2440 τουτέστι
325 2390 376 2458 τῆς
396 2379 488 2461 αἰγός,
507 2375 567 2441 εἰπε
586 2381 637 2442 τὸν
656 2381 788 2442 αἰπόλον.

150 2544 176 2585 ιε
196 2534 272 2587 Εαελ.
290 2540 348 2603 968,
365 2542 396 2587 51
470 2546 498 2589 ιο
518 2536 682 2607 sch.13s4c
702 2553 765 2589 cum
784 2535 836 2589 loc.
851 2535 912 2588 sim.
985 2546 1013 2587 1ο
1032 2534 1088 2589 sch.

78 2603 159 2657 Dion.
175 2605 273 2659 Thrac.
290 2612 336 2674 11,
351 2612 398 2672 20;
422 2612 482 2675 452,
498 2613 531 2661 26
546 2607 666 2677 Hilgard
773 2617 801 2658 1ο
820 2606 876 2660 sch.
893 2606 974 2660 Dion‘
989 2606 1087 2660 Thrac.

79 2682 138 2742 452,
154 2683 186 2730 21
203 2677 322 2746 Hilgard
865 2724 868 2730 .

150 2824 164 2865 4
182 2811 372 2881 πεντάμετρον
390 2815 584 2882 άκατάληκτον
602 2830 651 2881 pro
667 2810 797 2882 δίμετρον
811 2810 1014 2882 καταληκτικόν
1028 2816 1088 2864 UH.

79 2883 158 2936 uncis
177 2883 292 2938 inclusit
307 2885 399 2954 Bergk
435 2885 485 2949 τάς
503 2885 665 2954 καταλήξεις
684 2901 759 2953 seqq.
771 2888 916 2938 οιαῐλΕΜ
988 2893 1002 2936 8
1021 2883 1085 2937 άνα·

78 2955 333 3025 τίθησι-ταύτην
357 2962 434 3012 Δαιλι.
533 2967 562 3009 1⁰
584 2957 601 3025 ἡ
626 2959 661 3010 Π.
681 2955 719 3025 έγ.
740 2960 825 3010 Πᾶνα
846 2951 896 3009 τὸν
919 2953 977 3008 αἰπ.
997 2959 1089 3008 utha

80 3021 100 3078 ὦ
121 3030 168 3094 Π,
188 3027 277 3090 έτεκες
296 3029 354 3082 αἰπ.
374 3031 438 3081 cett.
529 3038 556 3080 η
575 3027 799 3083 ἐπεὶ-ἐκάλεσεν
817 3031 910 3079 utha
929 3033 979 3080 τοῦ
994 3023 1090 3079 Ὀδυσ-

79 3096 146 3158 σέως
168 3098 221 3166 γάρ
246 3094 281 3168 ἦν
302 3100 384 3169 γονή,
409 3097 439 3162 ὃς
456 3096 487 3154 τό
508 3098 597 3169 όνομα
616 3096 656 3167 (τὸ
678 3099 718 3154 όν.
738 3115 790 3152 om.
806 3100 862 3164 ΠΕ)
883 3093 984 3152 ἑαυτοῦ
1006 3096 1091 3160 Θάτις

80 3163 138 3222 εἰπε
158 3171 223 3222 cett.
300 3181 328 3223 18
346 3168 396 3225 τὸν
414 3170 445 3225 δέ
465 3170 665 3225 Πᾶνα-ἔνιοι
684 3169 715 3225 δὲ
733 3166 884 3231 Ὀδυσσέως
902 3185 955 3222 om.
970 3173 1049 3222 Anth.

79 3250 105 3292 ιι
126 3240 216 3309 suppl,
231 3241 383 3295 Schroeder
398 3260 412 3296 ε
426 3241 495 3297 loeis
510 3243 547 3296 ad
562 3241 641 3297 soh.I
656 3245 721 3313 3γ4ο
735 3241 858 3296 laudatis
930 3250 959 3293 1ο
973 3244 1091 3306 Μακρο-

79 3309 213 3380 τιτόλεμος
236 3311 267 3366 δὲ
286 3311 301 3366 ὁ
323 3312 481 3384 Τηλέμαχος
498 3318 578 3366 UEM
682 3323 710 3366 18
728 3311 862 3380 πτόλεμος
879 3315 959 3365 Δαιλι.
1015 3311 1091 3365 άοτι-

79 3383 181 3451 ττέτρον
205 3385 273 3453 φησί
297 3400 349 3439 om.
365 3390 446 3437 um
552 3397 580 3438 1⁹
599 3384 650 3454 τὴν
668 3382 874 3454 μαιενσαμένην
893 3381 943 3438 τὸν
961 3380 1018 3436 Δία
1036 3398 1090 3435 om.

79 3460 157 3508 Anth.
213 3454 475 3524 ἀνάπηρος-ἀντ’
488 3458 574 3512 αάτοῦ
589 3461 683 3509 utha
701 3456 752 3511 τὸν
767 3454 938 3522 άντίπατρον
952 3454 1000 3508 καλ
1015 3451 1090 3507 άντί-

79 3546 190 3594 πέτρον,
209 3525 278 3582 ἀνθ’
302 3524 334 3582 οὖ
353 3534 433 3582 m
515 3539 542 3581 ιι
560 3537 611 3584 τοῦ
630 3525 698 3591 Διὸς
715 3527 765 3582 τὸν
784 3526 902 3582 αἰπόλον
920 3523 992 3595 λέγει
1011 3529 1091 3577 UH

133 3627 239 3668 Senem
253 3638 278 3667 m
293 3629 450 3670 'l'flnocmwn
464 3641 508 3670 τεο.
518 3629 637 3670 Wendol
896 3621 929 3670 22

193 3798 244 3841 „fl
