2438 3870
147 115 191 181 96
477 113 590 168 Scholia
608 113 660 168 VII
673 118 826 167 66ο-68ε

44 281 184 343 tutam
218 303 241 346 ο.
264 280 284 361 ἢ
307 277 360 342 τόν
378 278 407 355 ἐξ
426 279 670 362 ἀναδενδράδων,
693 283 725 340 αἳ
746 265 809 353 ταῖς
831 261 961 352 πτελέαις
980 277 1171 360 ἒποχοῦνται.

149 379 169 461 ἢ
193 377 251 441 ἀπὸ
275 379 380 442 τόπον·
405 377 516 440 ἔστιδὲ
541 377 556 440 6
579 379 669 451 τόπος
692 376 781 456 με’σον
798 372 927 455 Ἐφέσου
945 375 995 437 καλ
1010 376 1170 456 Μιλήτου.

44 499 163 556 11136313
169 511 183 553 ε
219 499 268 558 66.
292 497 444 574 κόαμονι
463 495 501 556 06
518 495 613 573 μάτην
632 494 734 572 φησίν.
759 491 774 554 6
792 492 981 575 γάρνόαμος
995 477 1172 572 δλψοποιός,

149 594 199 656 καλ
217 595 330 667 πόσεως
349 594 433 674 χάριν
452 594 554 671 φησίν.
922 607 923 612 ’
1009 589 1012 606 ³
1068 603 1091 610 '⁴

44 723 162 770 κιαεΑτ
220 714 294 772 678.
318 707 358 790 χά
381 709 517 788 στιβάς;
541 705 1122 788 δποστρτόσσμενκαὶστιβάδαπήχεσις.
1198 725 1209 767 ι

46 830 185 876 numi
216 819 244 878 b.
274 816 424 897 στιβάςι
456 814 593 898 στρωμνὴ
621 813 669 876 ἐπὶ
696 824 749 894 τῆς
776 823 891 895 φηςιν
858 813 891 875 ἐκ
918 814 1040 892 φύλλων
1067 821 1171 894 πῆχυν

150 915 256 996 ἔχουσα
274 914 306 976 τὸ
325 914 414 989 δίψος.

45 1043 142 1090 nun
220 1035 294 1092 688
322 1030 450 1113 ννόζα
478 1052 534 1090 τει
562 1030 616 1108 την
643 1030 772 1102 κόνυζαν
794 1029 905 1113 ηνόζαν
928 1021 1016 1113 εἶπεν.
1054 1024 1170 1088 ἔστιδὲ

152 1126 249 1208 φυτὸν
272 1091 510 1206 ψυκτικώτάτσν,
533 1127 622 1188 ἔνθεν
644 1126 694 1188 καλ
717 1125 749 1187 ἐν
772 1131 833 1198 τοῖς
854 1125 1071 1207 Θεσμοφορίοις
1093 1123 1170 1186 δπο-

152 1228 356 1308 στρτσννόοσσι
387 1225 442 1304 τὴν
474 1225 642 1307 θερμότητα
672 1224 727 1304 τὴν
759 1223 832 1285 κατὰ
863 1223 899 1284 τά
929 1221 1093 1310 ἀφροδίσια
1121 1220 1170 1283 ἐτι-
1184 1242 1209 1282 ιο

151 1326 316 1398 κόπτοντες.
536 1396 539 1401 .

86 1443 144 1487 οετ
221 1433 249 1492 b.
273 1432 383 1516 κνόζφ
406 1453 453 1490 τει
476 1430 531 1508 τὴν
549 1430 678 1502 κόνυζαν
696 1427 772 1510 λέγει
791 1430 912 1503 κνόζαν.
944 1428 1004 1490 ἔστι
1022 1425 1054 1490 δὲ
1072 1427 1171 1506 φντδν

152 1539 252 1591 παῦον
271 1528 306 1589 τὰ
325 1528 494 1610 ἀφροδίσια.

127 1650 142 1692 κ
220 1657 242 1698 ο.
267 1634 466 1713 ἀσφόδελος
490 1633 596 1713 φυτόν,
615 1627 685 1716 παρ’
699 1629 818 1719 Ὁμήρῳ
838 1635 953 1713 λειμών.

46 1755 207 1800 numu
222 1745 249 1803 d.
273 1741 473 1820 ἀσφόδελος
496 1742 607 1821 βοτάνη
633 1741 855 1819 πλατύφυλλος,
882 1733 919 1820 ἧς
947 1739 963 1801 6
986 1729 1095 1814 καυλὸς
1117 1763 1169 1820 καῂ
1184 1756 1208 1799 ιι

152 1847 243 1902 λεῖται
265 1838 433 1921 ἀνθέρικος.
469 1838 518 1899 καὶ
536 1834 676 1910 Ἡσίοδος
700 1832 769 1921 (Op.
792 1844 823 1898 et
841 1840 877 1898 D.
898 1835 968 1921 41)·
994 1831 1073 1900 ‘066'
1099 1838 1171 1900 ὅσον

153 1937 186 1999 ἐν
205 1938 319 2022 μαλάχη
342 1959 370 1998 τε
394 1937 444 1999 καλ
467 1934 642 2022 άσφοδὲλφ.’
679 1934 898 2013 ἀσφοδελὸςδὲ
917 1934 933 1996 6
951 1936 1041 2014 τόπος
1061 1935 1077 1999 6
1096 1935 1171 2016 ἔχων

154 2034 350 2115 ἀσφοδέλονς·
362 2031 494 2117 Ὅμηρος
505 2029 534 2118 (λ
546 2029 639 2118 539)·
655 2032 705 2114 ‘66
721 2033 753 2095 δὲ
766 2028 830 2094 κατ’
840 2033 1006 2113 ἀσφοδελὸν
1020 2030 1168 2114 λειμῶνα.’

47 2148 172 2203 υδεῑοεῐ
223 2166 247 2204 e.
270 2143 507 2229 πολογνάπτφ
535 2165 568 2203 τε
594 2143 732 2227 σελίνφι
755 2141 964 2222 πολόγναπτον
982 2139 1102 2222 λέγεται,
1125 2140 1170 2202 ὅτι

156 2232 245 2301 οάλόν
264 2240 352 2319 ἔστιν,
372 2238 412 2314 ὡς
430 2240 479 2301 καὶ
498 2242 616 2320 καμπάς
634 2263 716 2312 τινας
735 2239 817 2319 ἔχειν.
1183 2254 1208 2293 86

225 2411 316 2465 sich.
335 2410 375 2463 JV
394 2411 454 2464 256
526 2411 602 2480 Hesy
604 2412 646 2465 ch.
666 2412 754 2476 ιινόζα
826 2412 883 2468 εολι.
903 2410 964 2464 Nic
984 2410 1066 2464 Ther.
1089 2413 1123 2462 70

154 2492 182 2535 16
201 2482 258 2536 sch.
274 2485 355 2536 2539
424 2482 499 2550 Hesy
501 2482 543 2535 ch
560 2483 636 2536 Suid
651 2484 718 2552 ἀσφ.
791 2483 886 2536 Ισοιιιι.
901 2481 1009 2551 Philop.
1025 2484 1084 2549 Περ
1086 2480 1097 2534 λ
1113 2487 1171 2535 τῶν

153 2557 233 2621 διαφ.
252 2573 310 2608 τον.
331 2558 361 2621 8,
377 2559 411 2605 20
430 2553 473 2623 Eg
474 2553 561 2607 enolff
648 2554 776 2607 Ammon
796 2553 837 2606 De
857 2553 914 2606 diff.
936 2500 1019 2606 adfipn.
1038 2550 1113 2606 verb.
1135 2556 1169 2604 26

153 2624 331 2678 Valckenaer
393 2623 457 2678 Lex.
453 2573 585 2678 g.Baehm
603 2631 663 2692 161,
679 2631 712 2678 16
775 2623 820 2676 Et.
836 2624 872 2678 M.
890 2631 950 2692 161,
966 2629 999 2678 12
1063 2621 1108 2676 lit.
1123 2620 1169 2676 Or.

154 2701 210 2764 2‚4
265 2695 329 2748 Zon.
346 2700 397 2748 316
452 2695 530 2748 Eust.
546 2701 606 2762 906,
622 2701 668 2762 58;
690 2701 766 2761 1698,
783 2702 815 2748 21

225 2867 239 2908 ι
258 2854 364 2910 Πτιλόα
388 2855 441 2925 γάρ
460 2857 527 2923 πρλν
546 2855 684 2925 ἐλέγετο
670 2877 687 2926 η
707 2854 828 2944 Ἔφεσος
845 2872 860 2910 e
880 2855 985 2909 scholio
1004 2855 1022 2908 b
1041 2856 1107 2923 post
1123 2853 1169 2909 τό·

152 2948 208 2982 πον
234 2925 317 2981 inicit
341 2933 368 2980 L.
402 2927 479 2980 idem
505 2930 569 3016 pos
570 2943 615 2980 ea
643 2927 699 2982 ἔστι
725 2928 773 2980 καλ
797 2925 883 2988 τόπος
955 2937 1004 2978 8
1027 2933 1046 2978 P
1070 2925 1170 2980 ceteris

153 2998 276 3055 omissis:
303 2997 336 3052 οὐ
360 2997 463 3066 μάτην,
491 2995 550 3051 ἀλλ’
580 2999 640 3053 ἐπεί
666 3001 728 3067 διψ
754 2999 769 3052 6
795 2999 851 3051 κόα
851 3019 914 3066 μσ,ς
943 3002 1018 3050 Lur.
1044 2998 1169 3051 mnium:

154 3067 247 3137 δαμι
236 3089 294 3123 οκ
385 3069 540 3158 σ<μέχρι>
562 3069 626 3139 πήχ
646 3069 749 3122 Reiske
821 3080 882 3121 on.
903 3069 953 3123 ἕνα
972 3067 1170 3140 ἐστσιβασμίτη

153 3147 187 3207 P,
205 3159 233 3193 ιι.
254 3139 304 3193 ἕνα
326 3140 427 3209 ἔχοντα
444 3137 476 3194 τὸ
495 3140 607 3209 όψοςΤ
678 3151 707 3192 16
725 3137 861 3195 ίκιιόπτον
880 3139 948 3194 Geel
1020 3146 1087 3193 M
1104 3141 1171 3209 posi

154 3208 244 3280 φατὸν
261 3211 325 3263 add.
341 3213 554 3279 ψυκτικώτατον
568 3211 645 3266 πάνυ
659 3212 708 3265 καλ
779 3221 807 3263 18
824 3211 876 3280 τὴν
894 3209 1067 3279 ἀφροδισίαν
1089 3216 1134 3264 (ff

153 3294 181 3335 ιι
205 3279 363 3349 ἀσφόδελον
390 3283 449 3336 cod.
558 3294 587 3335 ιο
614 3284 663 3336 καλ
686 3280 816 3344 Ησίοδος
843 3299 907 3335 cum
934 3281 1027 3335 verbis
1053 3281 1171 3336 Hesiodi

153 3371 207 3408 om.
223 3359 268 3406 GP
348 3364 375 3405 1⁷
396 3354 421 3407 οἱ
439 3352 470 3407 δὲ
489 3354 556 3422 ἀσφ
577 3360 647 3407 GPP
701 3352 716 3407 6
735 3353 827 3422 priore
845 3353 906 3407 loco
926 3370 980 3407 om
995 3360 1031 3417 K,
1049 3355 1171 3444 utroque

154 3429 254 3477 ium
325 3435 353 3478 18
364 3422 486 3493 Ὅμηρος
501 3442 564 3478 cum
578 3425 669 3480 verbis
684 3425 798 3478 Homeri
813 3441 864 3478 om.
881 3430 926 3477 GP
980 3425 1084 3516 βιβᾶσα
1102 3421 1168 3479 κατ’

153 3498 180 3550 ἀ.
195 3500 217 3550 λ
232 3495 312 3550 Hom.
386 3501 482 3549 1888
502 3497 601 3550 ceteris
620 3497 743 3551 omissis:
764 3495 842 3567 σόλῳ
863 3494 1003 3564 ἰστέον,
985 3514 1029 3550 οτι
1047 3510 1124 3564 seqq
