2438 3870
528 147 666 202 Praefatio
684 148 697 200 I
753 173 756 177 ·
924 196 926 200 .
1070 148 1122 204 VII

106 317 206 377 brario
225 317 377 386 debentur,
396 319 449 393 qui
462 318 577 376 textum
592 320 622 377 et
636 317 817 377 scholiorum
829 319 946 393 partem
960 318 1121 377 maximam
1186 294 1202 320 's

106 407 237 483 scripsit,
261 423 331 465 cum
355 406 510 484 nigrarum
534 410 640 466 auctor
662 406 796 466 diversus
819 425 878 465 non
902 425 964 466 esse
983 407 1121 466 videatur

109 497 146 556 ab
169 496 235 571 illo,
259 515 348 571 quem
370 496 476 572 idyllio
495 496 564 554 XIV
590 497 716 555 alteram
739 496 919 555 scholiorum
943 497 1051 556 seriem
1069 497 1120 556 ad·

108 586 218 645 didisse
241 586 328 644 modo
352 587 648 644 commemoravimus
666 577 747 666 (ΚΟ).
781 603 848 643 cum
869 589 899 644 et
917 586 1024 646 humor
1041 586 1120 646 codi-

108 695 171 735 cem
189 674 268 734 male
286 674 446 733 violaverit
464 677 495 732 et
512 675 689 733 flavescente
705 677 875 734 atramento
893 675 1034 734 librarius
1048 692 1120 736 usus

108 768 160 839 sit,
184 765 362 840 scripturam
385 764 489 822 multis
507 764 580 822 locis
599 763 773 822 difficillime
792 763 866 841 legi,
888 764 1040 822 nonnullis
1058 785 1120 824 om-

107 855 178 912 niuo
201 853 350 912 interiisse
372 853 482 911 mirum
505 871 565 910 non
588 855 641 911 est
677 853 808 912 codicem
830 853 904 912 haec
926 853 1036 913 damna
1058 855 1120 914 iam

108 946 177 1001 ante
196 942 348 1001 saeculum
365 941 428 999 XV.
462 941 609 1017 accepisse
628 943 802 1019 apographa
824 943 880 1001 hoc
897 945 1032 1018 tempore
1051 963 1119 1004 con·

106 1033 199 1105 fecta,
224 1032 259 1088 de
284 1031 391 1107 quibus
413 1050 483 1089 mox
506 1031 661 1088 dicendum
684 1031 770 1090 nobis
793 1031 862 1107 crit,
888 1033 962 1090 satis
981 1033 1118 1108 probent.

106 1121 265 1182 nonnullos
279 1121 367 1195 locos,
386 1120 437 1195 qui
451 1137 546 1195 paene
561 1123 752 1194 evanuerant,
766 1139 873 1180 manus
888 1121 1033 1196 quaedam
1049 1141 1118 1198 apo·
1129 1135 1145 1178 κ
1155 1144 1180 1179 n

85 1204 86 1207 ’
106 1210 228 1289 graphis
246 1211 394 1269 recentior
411 1209 581 1268 litterarum
599 1209 705 1269 ductus
724 1209 811 1268 anxie
831 1213 932 1268 secuta
951 1212 1070 1270 saeculo
1085 1216 1119 1271 ut

106 1303 179 1376 puto
198 1300 279 1357 XVI.
310 1299 471 1373 rescripsit.

174 1389 338 1463 Postquam
352 1387 467 1446 Ahrens
487 1388 607 1447 scholiis
626 1389 726 1465 idyllii
740 1387 781 1446 l'V
792 1406 819 1446 a
833 1388 959 1464 Iosepho
974 1389 1118 1450 Muellero

105 1481 137 1536 in
163 1496 251 1536 usum
277 1477 415 1536 editionis
441 1496 511 1536 suae
538 1481 676 1536 accurate
702 1477 819 1538 collatis
845 1479 952 1554 quanti
977 1479 1026 1536 hio
1044 1479 1119 1538 liber

107 1564 310 1626 aestimandus
330 1568 406 1626 esset
424 1568 574 1643 cognovit,
594 1565 823 1642 Christophorus
843 1567 987 1645 Ziegler
1004 1569 1118 1644 primus

105 1658 246 1715 universa
269 1656 378 1714 codicis
396 1655 590 1714 Ambrosiani
613 1655 726 1716 scholia
748 1655 862 1732 publici
879 1656 954 1715 iuris
973 1657 1054 1716 fecit.
1086 1661 1119 1716 at

105 1765 226 1803 munere
248 1746 327 1803 male
350 1745 472 1803 functus
495 1747 548 1804 est.
580 1764 641 1804 non
664 1745 796 1822 graviter
819 1745 939 1821 quidem
961 1745 1028 1804 ideo
1051 1766 1117 1804 eum

105 1835 259 1909 incusabo,
284 1833 364 1909 quod
387 1835 552 1910 complures
576 1834 655 1894 locos
675 1834 857 1894 difficiliores
876 1837 931 1893 aut
948 1835 1024 1894 falso
1043 1835 1119 1912 legit

106 1926 159 1981 aut
181 1922 319 1998 expedire
339 1925 459 1998 praeter
476 1925 684 1982 necessitatem
704 1923 832 1998 destitit,
856 1923 907 1982 sed
926 1925 1052 2000 exempli
1071 1925 1117 1983 sui

106 2013 280 2072 auctoritati
295 2013 418 2070 minime
433 2012 587 2086 satisfecit,
606 2031 674 2070 cum
688 2031 782 2088 neque
797 2012 931 2070 ordinem
944 2013 1117 2087 idylliorum

105 2105 237 2160 servaret
254 2121 349 2176 neque
368 2101 404 2159 de
423 2101 525 2158 ordine
544 2101 723 2159 scholiorum
740 2103 772 2158 in
791 2100 905 2176 idylliis
924 2103 1052 2178 singulis
1066 2103 1117 2160 ad·

105 2189 201 2248 hibito
224 2189 334 2264 ubique
354 2190 489 2262 referret,
514 2208 580 2246 cum
599 2190 768 2266 neglegeret
786 2192 816 2248 et
834 2190 1067 2267 glossasomnes
1087 2194 1118 2250 et

106 2278 219 2336 scholia
242 2277 406 2335 carminum
428 2277 626 2354 figuratorum
650 2296 742 2354 usque
761 2279 858 2338 adhuc
875 2281 907 2336 in
925 2280 1055 2339 tenebris
1073 2281 1116 2339 la-

104 2367 242 2440 tentium,
257 2385 324 2424 cum
338 2365 464 2441 denique
479 2366 608 2425 erebrius
623 2367 760 2446 vulgares
773 2369 915 2427 lectiones
925 2371 1117 2446 praeoptaret

105 2455 277 2514 melioribus
292 2455 497 2514 Ambrosianis
516 2455 647 2516 abiectis.
680 2460 795 2516 excussi
811 2457 941 2517 codicem
954 2457 1117 2516 Mediolani

105 2545 276 2622 apographo
292 2544 506 2604 Barberiniano
520 2550 610 2604 antea
624 2546 732 2604 collato
748 2546 882 2621 adiutus3
896 2547 985 2621 locos,
1000 2546 1036 2605 de
1051 2547 1116 2622 qui·

105 2634 159 2692 bus
179 2635 280 2710 aliqua
299 2634 448 2693 dubitatio
468 2634 652 2708 movebatur,
671 2637 703 2692 in
721 2635 851 2712 imagine
869 2636 944 2694 lucis
963 2655 1018 2711 ope
1035 2637 1117 2694 facta

104 2723 214 2782 iterum
232 2725 322 2799 atque
341 2725 450 2781 iterum
469 2723 549 2781 domi
567 2724 712 2798 inspicere
730 2723 847 2783 licebat.

171 2812 357 2870 Scholiorum
375 2812 484 2872 codIcis
498 2817 529 2870 K
543 2811 602 2871 duo
617 2816 734 2871 exstant
748 2815 934 2890 apographa,
952 2816 1114 2889 utrumque
1124 2823 1202 2878 lucar.

103 2901 216 2977 primus
244 2901 374 2958 adhibui.
412 2901 539 2960 alterum
567 2905 613 2960 est
639 2902 671 2958 in
699 2901 798 2960 codice
824 2906 1049 2962 Ambrosiano
1073 2908 1113 2962 52

105 2995 147 3058 (A
160 2997 217 3049 155
232 2995 319 3064 sup.)
343 3009 416 3050 saec.
431 2989 495 3049 XV.
528 2992 677 3072 exeuntis,
704 2991 757 3066 qui
780 2992 860 3050 foliis
885 2993 1115 3051 leur—alar

104 3080 217 3138 scholia
240 3082 374 3139 continet
391 3070 423 3138 in
442 3079 592 3138 Theocriti
610 3079 716 3155 idyllia
734 3080 763 3154 I,
781 3080 853 3154 VH,
871 3081 1021 3154 III-VI,
1040 3081 1114 3140 VIII

105 3169 231 3243 -XIII,
249 3168 288 3243 H,
306 3168 385 3242 XIV,
404 3169 468 3243 XV,
486 3169 582 3244 XVII,
600 3169 680 3243 XVI,
698 3169 804 3244 XXIX,
823 3170 927 3229 deinde
947 3169 1066 3229 Securis
1085 3173 1115 3228 et

103 3256 229 3315 Alarum
251 3260 368 3316 textum
387 3276 453 3317 cum
473 3257 606 3334 scholiis,
629 3259 756 3317 alterum
775 3263 821 3317 est
838 3259 1035 3318 bibliothecae
1055 3259 1115 3317 Va-

103 3346 220 3405 ticanae
244 3347 306 3405 cod.
325 3351 591 3406 Barberinianus
609 3367 657 3420 gr.
672 3353 732 3406 214
756 3342 964 3427 (0151111135)
983 3349 1114 3407 eiusdem

104 3436 229 3509 aetatis,
251 3437 284 3493 in
307 3455 366 3510 quo
389 3437 478 3511 plane
502 3437 605 3495 eadem
627 3437 742 3511 insunt,
766 3437 825 3496 nisi
843 3437 923 3514 quod
940 3439 1114 3497 correctoris

104 3541 210 3582 manus
220 3523 346 3582 Alarum
360 3527 390 3583 et
400 3524 517 3584 Securis
530 3528 645 3584 textum
658 3525 755 3602 figura
768 3526 859 3600 paulo
873 3529 991 3585 mutata
1004 3527 1114 3584 iterum
