2446 3870
433 177 546 232 Scholia
564 178 589 232 II
604 184 770 234 lle-leon
1042 181 1107 246 289

165 349 237 405 112.
261 344 452 426 ὥστοργοςι
475 345 503 406 εί
524 343 578 424 μέν
600 345 674 407 κατὰ
696 347 899 426 συναλοιφήν,
922 348 1135 428 προπαροξά-Ιῑ

96 465 185 504 τονον
209 439 225 502 ὃ
248 439 404 525 άστοργος,
428 443 454 504 εί
476 440 508 504 δέ
533 443 566 505 ἐν
589 443 734 524 έπιθέσει,
757 446 978 526 παροξυτόνως·
1005 445 1109 528 τόργος

97 539 152 621 γάρ
173 537 187 599 ὃ
206 540 278 621 μάψ.
311 539 426 620 βέλτιον
444 538 476 602 δὲ
494 541 526 602 τὸ
544 551 669 623 πρῶτον.

167 659 378 718 114-116a.
402 657 507 719 τόσον
533 657 708 736 ἔφθασαςι
738 668 879 721 τοσοῦτον
903 658 1199 741 προέφθασυς,ΚϋΕΑ

71 755 183 832 σφησί,
205 754 455 835 μεταπεμψαμένη
475 778 509 835 με
527 757 618 836 πρινη
638 754 687 836 ἐμὲ
706 755 838 818 ἐθελοντὶ
858 756 957 819 ἐλθεῖν
975 758 1050 838 πρὸς
1068 755 1110 838 σε’,

99 853 170 913 ὅσον
188 852 245 934 έμὼ
263 851 430 935 προέλαβον
451 858 575 916 Φιλῖνον
593 853 708 935 τρέχων.

166 955 221 1039 [h]
247 961 351 1041 πράνε
379 961 483 1040 πρώην
508 961 557 1022 καὶ
582 961 688 1046 ἐκβολῇ
714 971 767 1023 τοῦ
792 961 818 1023 ω
840 962 920 1042 πρην
945 960 995 1023 καί
1017 972 1110 1046 τροπῇ
1123 960 1170 1016 ΙΙἘ

99 1065 152 1117 τοῦ
171 1081 190 1134 η
209 1058 251 1129 είς
270 1056 289 1117 ἆ
306 1058 393 1140 πράν.

170 1169 354 1251 118ί119υ.
387 1167 520 1253 τ’ᾖλθοντΙ
548 1167 646 1254 ἦλθον
672 1175 728 1258 γὰρ
756 1174 794 1238 άν
822 1195 868 1238 σοι
886 1175 936 1238 καὶ
962 1175 1002 1256 μὴ
1029 1186 1140 1256 μετα-Κ

61 1289 87 1328 rc
101 1269 280 1353 πεμψαμένη
305 1271 483 1350 αὐτόματος,
508 1272 559 1333 ναί
581 1273 632 1334 τὸν
654 1273 767 1354 γλυκὺν
779 1271 910 1356 Ἔρωτα,
939 1274 1114 1351 διὰταύτης

100 1378 152 1447 τῆς
170 1369 284 1442 νυκτός.

168 1477 196 1534 b.
219 1473 239 1554 ἢ
258 1477 387 1556 τρίτοςι
410 1475 476 1537 ἀντὶ
494 1486 547 1538 τοῦ
565 1475 598 1558 β’
616 1475 657 1558 (ἢ
671 1475 723 1560 γ’)
743 1471 826 1559 ἦγον,
845 1477 917 1540 ὥστε
931 1473 1007 1539 είναι
1020 1479 1115 1559 τρίτος

102 1570 122 1653 ἢ
140 1571 273 1653 τέταρτος
291 1575 385 1651 φίλος.

170 1702 194 1740 c.
217 1678 236 1760 ἢ
256 1683 372 1763 τρίτος
391 1680 410 1762 ἦ
430 1681 606 1765 τέταρτοςι
630 1683 657 1745 εί
673 1683 729 1767 γάρ
748 1683 789 1764 μη
808 1682 954 1763 ἀπεστάλη
978 1683 1052 1766 πρός
1071 1698 1183 1763 caure

63 1796 88 1836 ιο
104 1771 200 1858 ἦλθον
223 1777 261 1839 dv
283 1779 339 1860 ἐγὼ
362 1782 501 1862 πρότερος
525 1781 645 1862 νυκτός,
671 1782 709 1861 νη
729 1783 780 1845 τὸν
791 1779 922 1865 Ἔρωτα,
945 1780 965 1862 ἢ
983 1782 1077 1862 τρίτος
1095 1779 1116 1862 ἢ

103 1876 235 1957 τέταρτος
251 1878 392 1958 ὑπάρχων
407 1896 454 1940 σοι
466 1881 645 1959 προσφιλής·
669 1878 816 1941 τουτέστιν
831 1880 1004 1957 ἐπειώμασα
1018 1877 1056 1938 dv
1071 1896 1117 1939 σοι

104 1974 174 2053 μετὰ
193 1977 279 2036 δυοῖν
298 1975 317 2054 ἢ
336 1986 433 2057 τριῶν.

172 2078 227 2160 [d]
251 2078 296 2160 (i)
316 2083 431 2162 τρίτος
450 2079 469 2160 ἢ
487 2078 688 2162 τέταρτοςε)
707 2091 793 2142 τοῦτο
808 2076 888 2142 εἶπεν
904 2080 919 2142 ὁ
934 2081 1054 2160 Δέλφις,
1074 2082 1118 2142 ὅτι
1131 2086 1194 2143 ⁰⁸2⁸

104 2177 163 2260 ἤρα
182 2176 200 2256 ἡ
221 2180 359 2256 Σιμαίθα
377 2178 426 2239 καὶ
445 2176 541 2239 άλλων
559 2188 656 2239 τινῶν.

65 2317 92 2359 ac
175 2299 237 2354 120
248 2314 274 2355 a.
295 2299 384 2372 μᾶλα
399 2292 474 2372 μένε
493 2295 678 2374 Καλλίμαχος
692 2293 724 2355 ἐν
738 2301 777 2378 τῷ
792 2294 859 2374 περὶ
867 2295 1017 2376 Λογάδων
1032 2289 1145 2376 (Ἑρμαῖ

106 2394 177 2452 XXI
196 2393 368 2470 Schneider,
392 2387 521 2474 11283)
545 2391 596 2452 τὸν
620 2392 771 2453 Διονύσου
794 2390 941 2471 στέφανον
965 2391 997 2453 έιι
1018 2394 1119 2471 μήλων

107 2483 185 2551 εἶναί
202 2507 306 2569 φησιν,
325 2489 354 2563 ἐξ
374 2485 416 2551 ὧν
435 2489 484 2551 καὶ
503 2490 554 2550 τὸν
569 2484 747 2569 Ἱππομένην
765 2494 867 2571 λαβεῖν
877 2484 1055 2572 Ἀφροδίτης
1074 2491 1119 2551 αί-

107 2587 283 2667 τησαμένης,
303 2587 342 2660 ὡς
360 2589 513 2668 Διόδωρος
532 2586 547 2649 ὁ
565 2587 691 2666 ποιητὴς
710 2587 741 2648 έν
759 2593 983 2669 Κορινθιακοῖς.

121 2708 259 2718 ι...-

180 2769 194 2810 2
214 2759 333 2829 Hesych.
348 2760 428 2814 Phoe.
445 2760 521 2813 Snid.
536 2757 635 2830 τόρηος

181 2931 194 2971 2
214 2922 243 2974 έν
263 2920 500 2985 ἐπιτολμάτω,
520 2922 626 2975 correxi
716 2931 730 2972 4
750 2918 874 2975 τόσον-
886 2916 1121 2989 μεταπεμψαμένη

109 2995 196 3043 UEA:
212 2991 288 3058 πράν
301 3010 389 3045 ποκα·
404 2989 580 3061 μετέπεμψας
593 3000 617 3044 Κ
690 3002 701 3044 t
721 2991 794 3045 κατὰ
809 2991 951 3060 συμκοπὴν
965 2999 1014 3045 τοῦ
1029 2994 1087 3043 dl]

110 3062 158 3114 καὶ
176 3071 265 3131 τροπῇ
286 3079 361 3130 seqq.
377 3067 467 3115 cmii
556 3073 584 3115 le
603 3063 634 3134 β’
654 3063 752 3131 scripsi
771 3062 868 3116 addito
887 3060 904 3130 ἢ
924 3061 967 3130 y':
991 3061 1122 3130 δεύτερον

25 3188 42 3200 Γ
109 3136 207 3196 Apcgr.
218 3137 310 3186 Barb.:
325 3134 354 3185 in
369 3133 429 3201 ipsc
445 3134 504 3186 cod.
515 3141 538 3186 K
552 3134 634 3203 lapsu
647 3134 755 3188 librarii
770 3135 787 3205 β
801 3134 871 3187 abiit
883 3133 913 3186 in
928 3154 944 3186 ιι
1016 3144 1044 3187 14
1058 3137 1123 3202 poet

111 3202 249 3271 ἀπεστάλη
269 3204 377 3258 Ahrene
397 3205 460 3257 add.
488 3205 494 3224 ³
518 3206 604 3274 τλοάλη
624 3223 639 3258 a
657 3205 751 3276 glossa
764 3205 925 3273 byzantina,
944 3204 1125 3267 άπεστάλκεις

112 3275 182 3328 coni.
198 3274 322 3329 Piccclca
394 3284 421 3328 15
440 3225 574 3344 πρίτερος
592 3277 667 3330 idem
686 3277 841 3344 significare
860 3275 971 3330 videtur
989 3292 1022 3330 ac
1038 3293 1125 3345 snpra

112 3346 280 3414 αὐτόματος,
300 3347 466 3400 dubitarunt
485 3347 519 3400 de
538 3363 570 3400 eo
590 3347 659 3401 Geel
677 3350 706 3402 et
723 3348 832 3400 Ahrens
913 3357 941 3399 re
960 3345 1124 3412 ἀπεκάμασα

112 3421 171 3486 (-αν
181 3418 316 3488 Ε)-μετά
324 3427 409 3486 τριῶν
420 3416 437 3487 ἢ
447 3418 586 3485 τεσσάρων
596 3424 645 3471 ΕΑ
699 3429 728 3471 ee
742 3417 927 3487 αἰτησάμενον
937 3418 1090 3473 Schneider

113 3499 142 3541 ee
157 3494 342 3556 Κορινθικοῑς
355 3492 424 3557 cod,
444 3507 511 3543 corr.
528 3489 687 3544 Schneider.
715 3489 779 3544 fcrt.
794 3488 933 3543 Dicdcrne
951 3489 1125 3558 intellegitur

114 3560 128 3613 ὁ
149 3557 288 3629 Ἐλαίτης,
313 3562 391 3614 cuius
412 3561 519 3629 elegiae
537 3561 689 3615 laudantur
707 3561 743 3614 ad
763 3560 906 3615 Parthenii
926 3561 1007 3616 Narr.
1022 3578 1075 3616 am.
1092 3566 1124 3614 15

168 3659 272 3699 Scironia
288 3671 312 3698 n«
327 3661 483 3701 Turocarrnn
498 3672 540 3701 rec.
551 3661 671 3702 Wandel
932 3655 964 3704 19
