2438 3870
145 137 162 201 7
166 137 186 202 6
471 137 584 192 Scholia
601 137 615 192 1
630 138 793 192 151b-V11
807 138 826 193 b

209 305 236 366 b.
261 309 289 365 K
295 305 456 366 ισσαίθαι
480 303 574 384 όνομα
592 304 675 386 αΘὸς
697 304 730 367 ἔκ
748 316 800 370 τοῦ
819 315 910 368 κισσῶ
928 306 978 368 καί
995 317 1049 370 τοῦ
1067 309 1156 373 αἲθοι.

99 411 133 454 ΕΑ
211 423 233 464 υ.
257 399 513 482 <Κισσαίθαι>
536 400 554 482 ἡ
573 408 671 483 ταχεῖα
689 403 737 476 αἲξ
754 402 814 465 ἀπὸ
832 414 885 467 τοῦ
907 405 1015 486 ταχίους
1027 419 1157 489 γεννᾶν·

142 509 233 562 κισσῶ
251 499 307 581 γδιρ
326 500 358 562 τὸ
376 511 482 582 γεννῶ,
501 501 581 562 αι’ίθω
599 499 631 562 δὲ
650 501 681 563 τὸ
700 503 775 565 καίοι
793 501 843 565 καλ
861 501 989 567 ἀνάπτω.

100 607 135 650 ΡΤ
212 600 239 658 d.
263 601 291 657 Κ
299 600 476 660 ισσαίθαι
500 597 518 678 ἡ
538 599 612 681 πρὸς
634 601 666 662 τὸ
684 611 793 682 γεννᾶν
812 602 955 682 διάπυρος
978 603 1034 665 καίΙ
1047 604 1159 685 θερμή,

143 695 201 757 ἀπὸ
225 706 278 758 τοῦ
296 706 387 758 κισσῶ
406 697 437 759 τὸ
456 707 550 777 γεννῶ
569 697 619 759 καλ
639 708 691 760 τοῦ
710 699 789 761 α’ίθω
808 699 840 760 τὸ
859 701 942 761 καίοι.
980 697 1070 781 [εἰδὲ
1089 706 1118 763 Κ
1125 727 1157 764 ι-
1184 721 1197 761 5

143 795 255 856 ναίθα
273 796 408 876 γράψεις,
426 797 562 857 Κιναίθα
579 794 691 876 ἕστὶνὴ
710 797 785 879 πρὸς
797 798 830 860 τὸ
844 804 994 861 κινεῖσθαι
1013 799 1158 881 διάπυρος

142 890 238 974 ἤγουν
256 898 353 973 ταχεῖα
368 894 428 973 νύξ,
446 892 504 955 άπὸ
523 905 576 956 τοῦ
594 904 668 956 κινῶ
686 895 736 956 καὶ
754 905 805 957 τοῦ
824 897 903 958 affice
922 896 954 958 τὸ
973 893 1069 978 καίω.]

498 1339 574 1412 VII.
606 1343 795 1414 Θαλύσιοι

38 1548 156 1593 mm
233 1557 259 1597 a.
285 1530 490 1616 Ἐπιδημιίσας
519 1534 534 1596 ὁ
560 1535 715 1616 Θεόκριτος
737 1536 770 1598 ἐν
794 1542 847 1621 Κῷ
871 1520 1019 1618 ἔφιλιώθη
1046 1542 1159 1619 Φρασι-

146 1636 230 1720 δάμῳ
252 1634 302 1695 καὶ
321 1628 478 1715 Ἀντιγένει
502 1640 563 1707 τοῖς
581 1633 753 1708 Λυκωπέοις
775 1636 860 1708 υἱοῖς.
898 1634 1020 1715 κληθείς
1046 1633 1078 1698 δὲ
1103 1631 1156 1698 ὁπ’
1175 1653 1199 1694 ιο

144 1732 242 1794 αὐτῶν
256 1731 304 1793 ἐπὶ
317 1732 447 1794 θαλύσια
456 1732 615 1813 Δήμητρος
629 1731 728 1794 όίπεισι
743 1734 812 1813 μετὰ
823 1734 974 1816 Εὐκρίτου
988 1733 1038 1795 καί
1049 1728 1159 1814 Ἀμύν-

144 1854 212 1906 του,
235 1830 302 1911 ούχ,
325 1827 365 1903 ὁος
384 1830 560 1904 Μουνάτιός
578 1849 668 1910 φησι,
691 1831 761 1911 μετὰ
783 1832 976 1912 Φρασιδόμον
997 1831 1048 1893 καί
1064 1827 1160 1897 'Avu-

143 1927 248 2010 γένους
270 1938 329 1990 τῶν
351 1928 537 1990 καλεσάντων
559 1928 679 2004 αύτούς·
708 1928 783 2011 λέγει
805 1931 861 2012 γάρ
884 1923 926 2012 (v.
945 1923 992 2013 2)·
1017 1927 1086 1992 ’σὺν
1108 1930 1160 1994 καί

144 2028 238 2110 τρίτος
256 2025 328 2106 διμίν
343 2023 508 2106 Ἀμύντας.’

38 2136 178 2180 mim
232 2126 259 2186 b.
283 2125 474 2207 ἐπιγράφεται
495 2122 548 2204 μὲν
572 2126 603 2187 τὸ
622 2126 768 2188 εἰδύλλιον
790 2127 934 2187 Θαλύσια·
960 2125 994 2187 τὰ
1013 2123 1045 2187 δὲ
1064 2127 1159 2208 πράγ-
1173 2142 1197 2184 15

145 2247 219 2301 ματα
234 2223 393 2284 διάκεινται
407 2221 439 2284 ἐν
454 2227 516 2308 Κῷ.
543 2222 728 2302 ἐπιδημήσας
743 2223 799 2305 γὰρ
814 2222 829 2284 ὁ
845 2205 1000 2306 Θεόκριτος
1014 2233 1049 2309 τῇ
1064 2223 1159 2310 νήσῳ,

145 2313 218 2380 καθ’
235 2316 271 2380 δν
285 2320 391 2400 χρόνον
410 2321 452 2393 εἰς
463 2314 684 2400 Ἀλεξάνδρειαν
703 2321 777 2402 πρὸς
791 2325 976 2402 Πτολεμαῖον
994 2321 1159 2404 ἐπορεύετο,

146 2419 233 2496 φίλος
247 2416 368 2496 κατέστη
384 2419 565 2504 Φρασιδάμρ)
580 2416 629 2478 καί
642 2413 798 2499 Ἀντιγίνει
807 2418 979 2493 Λυκωπὲως
993 2421 1078 2493 υίοῖς.
1108 2419 1160 2482 καί

144 2514 265 2594 κληθείς
287 2509 340 2575 ὁπ’
359 2515 459 2576 αὐτῶν
481 2516 522 2589 εἰς
544 2515 636 2598 ἀγρὸν
660 2514 708 2576 ἐπὶ
731 2517 861 2576 θαλύσια
878 2516 1037 2597 Δήμητρος
1059 2514 1160 2580 άπεισι

216 2679 230 2721 κ
250 2637 306 2724 seh.¹
321 2668 347 2722 V
362 2668 484 2739 136J8vb
504 2686 566 2723 oum
585 2669 637 2723 loc.
653 2669 715 2723 sim.
787 2680 801 2723 ο
821 2670 878 2725 sch.
893 2671 918 2725 V
934 2672 1056 2743 102s03e

215 2813 264 2867 ll.
289 2815 317 2866 et
340 2813 371 2867 ἐκ
390 2829 466 2882 seqq.
488 2821 580 2866 om.1
687 2813 822 2868 οαΙλίιαο
844 2831 878 2868 ex
895 2813 974 2868 id.V
993 2813 1048 2867 huc
1065 2815 1159 2868 trann-

144 2884 204 2940 Ιολο
223 2887 288 2938 sunt

216 2956 283 3011 m:
301 2958 333 3010 Θ.
345 2972 402 3044 ουρ.
411 2955 438 3022 b,
453 2956 644 3027 sch.1118s9a,
659 2957 716 3011 sch.
727 2956 766 3010 VI
780 2972 805 3010 ο.
815 2972 838 3011 ο.
850 2956 929 3027 vab,
943 2964 967 3009 K
981 2973 1064 3025 super
1078 2955 1158 3010 seho-

144 3026 203 3082 liis:
226 3025 352 3090 Λυκίδας
375 3047 392 3094 η
413 3029 445 3082 Θ.
465 3028 634 3082 Amarantus
652 3029 682 3082 in
700 3028 743 3084 Et.
760 3027 827 3083 Gon.
847 3029 1051 3096 διεκρανίοσατε
1071 3029 1105 3096 (ν.
1119 3027 1158 3082 ῦὸ

146 3101 217 3167 154):
238 3098 374 3161 ὑπόθεσις
391 3107 447 3152 τῶν
465 3099 505 3162 εἰς
518 3099 661 3170 Κομάταν.
684 3101 716 3154 Θ.
735 3107 758 3152 K
777 3115 861 3170 super
877 3098 969 3154 verbis
988 3100 1102 3170 poetae:
1124 3099 1157 3154 Θ.

144 3167 161 3238 ἢ
185 3171 293 3238 ἐαρινολ
316 3168 461 3238 ὁδοιπόροι
484 3178 516 3226 Px
540 3181 595 3226 τῶν
618 3172 657 3234 είς
681 3170 816 3240 Κομάταν
839 3169 856 3240 ἢ
879 3173 998 3239 ἐαρινῶν
1022 3165 1158 3258 δαρίδιῇ

145 3241 243 3311 ἐαρινὴ
266 3239 416 3309 ὁδοιπορία
438 3247 471 3296 L:
494 3242 544 3298 τὸν
568 3244 608 3306 εἰς
630 3242 757 3332 Κοράτα.
783 3245 814 3298 Θ.
838 3239 855 3310 ἢ
880 3242 999 3310 ἐαρινῶν
1022 3237 1158 3310 δωρίὸιη

145 3311 241 3381 ἐαρινὴ
261 3311 411 3381 ὁδοιπορία
425 3318 485 3368 ΘΔι
509 3317 540 3370 Θ.
560 3312 659 3383 δωρλδι
673 3335 691 3383 η
706 3311 803 3383 όαρινὴ
819 3311 968 3381 ὁδοιπορία
982 3318 1013 3366 T:
1034 3317 1121 3366 om]

144 3395 170 3437 11
188 3383 312 3439 θαλύσια
330 3390 362 3437 1⁸:
387 3383 476 3440 θυσία
494 3388 559 3440 συλλ.
636 3396 664 3439 12
682 3384 848 3446 Μουνάτιος
864 3383 986 3453 Ziogler:
1000 3383 1159 3447 ’Μοννάτος

144 3461 233 3508 mn:
257 3455 388 3519 Μενάτος
407 3459 472 3510 cett.
562 3468 590 3510 ιο
609 3457 712 3519 αύτούς
729 3463 763 3509 K:
787 3453 873 3510 αὐτόν
892 3457 957 3510 cett.
1047 3465 1076 3508 ιο
1094 3453 1157 3509 διά-

144 3545 251 3582 κεινται
271 3545 324 3581 om.
339 3533 383 3580 PT
456 3539 482 3581 1⁷
503 3527 548 3583 ότι
566 3529 637 3597 πρὸς
656 3531 705 3582 Πτ.
725 3528 765 3589 εἰς
780 3524 830 3580 Ἀλ
849 3525 935 3598 ἀπῄει
952 3533 997 3579 ΡΤ
