<?xml version="1.0" encoding="UTF-8"?>
<!DOCTYPE html PUBLIC "-//W3C//DTD XHTML 1.0 Transitional//EN"
    "http://www.w3.org/TR/xhtml1/DTD/xhtml1-transitional.dtd">
<html xmlns="http://www.w3.org/1999/xhtml" xml:lang="en" lang="en">
 <head>
  <title>
</title>
<meta http-equiv="Content-Type" content="text/html;charset=utf-8" />
  <meta name='ocr-system' content='tesseract 3.04.00' />
  <meta name='ocr-capabilities' content='ocr_page ocr_carea ocr_par ocr_line ocrx_word'/>
</head>
<body>
  <div class='ocr_page' id='page_1' title='image "./scholiaintheocr00wendgoog_0021.png"; bbox 0 0 2438 3870; ppageno 0'>
   <div class='ocr_carea' id='block_1_1' title="bbox 474 125 1075 183">
    <p class='ocr_par' dir='ltr' id='par_1_1' title="bbox 474 125 1075 183">
     <span class='ocr_line' id='line_1_1' title="bbox 474 125 1075 183; baseline -0.007 -1"><span class='ocrx_word' id='word_1_1' title='bbox 474 126 616 183; x_wconf 88' lang='lat' dir='ltr'>Praefatio</span> <span class='ocrx_word' id='word_1_2' title='bbox 635 128 660 181; x_wconf 85' lang='grc' dir='ltr'>ΙΙ</span> <span class='ocrx_word' id='word_1_3' title='bbox 942 157 943 160; x_wconf 60' lang='lat'><em>=</em></span> <span class='ocrx_word' id='word_1_4' title='bbox 997 125 1075 179; x_wconf 87' lang='lat' dir='ltr'>XVII</span> 
     </span>
    </p>
   </div>
   <div class='ocr_carea' id='block_1_2' title="bbox 56 296 1168 3586">
    <p class='ocr_par' dir='ltr' id='par_1_2' title="bbox 56 296 1075 1535">
     <span class='ocr_line' id='line_1_2' title="bbox 56 296 1073 373; baseline -0.005 -14"><span class='ocrx_word' id='word_1_5' title='bbox 56 303 89 360; x_wconf 89' lang='lat' dir='ltr'>et</span> <span class='ocrx_word' id='word_1_6' title='bbox 106 299 257 359; x_wconf 82' lang='lat' dir='ltr'>breviores</span> <span class='ocrx_word' id='word_1_7' title='bbox 276 298 497 373; x_wconf 78' lang='lat' dir='ltr'>explicationes,</span> <span class='ocrx_word' id='word_1_8' title='bbox 516 296 620 372; x_wconf 84' lang='lat' dir='ltr'>quales</span> <span class='ocrx_word' id='word_1_9' title='bbox 639 297 670 354; x_wconf 91' lang='lat' dir='ltr'>in</span> <span class='ocrx_word' id='word_1_10' title='bbox 689 297 758 355; x_wconf 88' lang='lat' dir='ltr'>aliis</span> <span class='ocrx_word' id='word_1_11' title='bbox 776 296 860 355; x_wconf 84' lang='lat' dir='ltr'>librIs</span> <span class='ocrx_word' id='word_1_12' title='bbox 879 296 1073 354; x_wconf 84' lang='lat' dir='ltr'>intertextus</span> 
     </span>
     <span class='ocr_line' id='line_1_3' title="bbox 57 385 1074 464; baseline -0.006 -16"><span class='ocrx_word' id='word_1_13' title='bbox 57 389 150 450; x_wconf 82' lang='lat' dir='ltr'>verba</span> <span class='ocrx_word' id='word_1_14' title='bbox 172 403 317 464; x_wconf 85' lang='lat' dir='ltr'>apparere</span> <span class='ocrx_word' id='word_1_15' title='bbox 341 388 449 461; x_wconf 81' lang='lat' dir='ltr'>solent,</span> <span class='ocrx_word' id='word_1_16' title='bbox 472 405 527 463; x_wconf 91' lang='lat' dir='ltr'>pro</span> <span class='ocrx_word' id='word_1_17' title='bbox 551 385 669 445; x_wconf 81' lang='lat' dir='ltr'>scholiis</span> <span class='ocrx_word' id='word_1_18' title='bbox 692 385 894 445; x_wconf 73' lang='lat' dir='ltr'>venditantur.</span> <span class='ocrx_word' id='word_1_19' title='bbox 928 403 1004 461; x_wconf 89' lang='lat' dir='ltr'>quae</span> <span class='ocrx_word' id='word_1_20' title='bbox 1023 404 1074 461; x_wconf 90' lang='lat' dir='ltr'>pe-</span> 
     </span>
     <span class='ocr_line' id='line_1_4' title="bbox 59 475 1073 552; baseline -0.006 -14"><span class='ocrx_word' id='word_1_21' title='bbox 59 477 184 538; x_wconf 88' lang='lat' dir='ltr'>culiaria</span> <span class='ocrx_word' id='word_1_22' title='bbox 205 479 324 537; x_wconf 83' lang='lat' dir='ltr'>exstant</span> <span class='ocrx_word' id='word_1_23' title='bbox 342 477 454 536; x_wconf 88' lang='lat' dir='ltr'>scholia</span> <span class='ocrx_word' id='word_1_24' title='bbox 473 475 578 552; x_wconf 88' lang='lat' dir='ltr'>paucis</span> <span class='ocrx_word' id='word_1_25' title='bbox 597 477 726 552; x_wconf 83' lang='lat' dir='ltr'>exceptis</span> <span class='ocrx_word' id='word_1_26' title='bbox 744 475 868 535; x_wconf 84' lang='lat' dir='ltr'>minoris</span> <span class='ocrx_word' id='word_1_27' title='bbox 885 476 977 551; x_wconf 85' lang='lat' dir='ltr'>pretii</span> <span class='ocrx_word' id='word_1_28' title='bbox 994 477 1073 533; x_wconf 84' lang='lat' dir='ltr'>sunt.</span> 
     </span>
     <span class='ocr_line' id='line_1_5' title="bbox 59 563 1074 645; baseline -0.004 -19"><span class='ocrx_word' id='word_1_29' title='bbox 59 585 187 645; x_wconf 89' lang='lat' dir='ltr'>quocum</span> <span class='ocrx_word' id='word_1_30' title='bbox 206 568 318 643; x_wconf 88' lang='lat' dir='ltr'>optime</span> <span class='ocrx_word' id='word_1_31' title='bbox 336 567 482 644; x_wconf 82' lang='lat' dir='ltr'>congruit,</span> <span class='ocrx_word' id='word_1_32' title='bbox 501 564 583 642; x_wconf 90' lang='lat' dir='ltr'>quod</span> <span class='ocrx_word' id='word_1_33' title='bbox 602 566 790 640; x_wconf 86' lang='lat' dir='ltr'>apertissima</span> <span class='ocrx_word' id='word_1_34' title='bbox 809 563 957 640; x_wconf 82' lang='lat' dir='ltr'>quaedam</span> <span class='ocrx_word' id='word_1_35' title='bbox 975 582 1074 623; x_wconf 89' lang='lat' dir='ltr'>recen-</span> 
     </span>
     <span class='ocr_line' id='line_1_6' title="bbox 58 653 1075 733; baseline -0.005 -17"><span class='ocrx_word' id='word_1_36' title='bbox 58 659 144 718; x_wconf 87' lang='lat' dir='ltr'>tioris</span> <span class='ocrx_word' id='word_1_37' title='bbox 163 659 272 716; x_wconf 86' lang='lat' dir='ltr'>aetatis</span> <span class='ocrx_word' id='word_1_38' title='bbox 291 657 419 733; x_wconf 87' lang='lat' dir='ltr'>vestigia</span> <span class='ocrx_word' id='word_1_39' title='bbox 436 657 468 713; x_wconf 91' lang='lat' dir='ltr'>in</span> <span class='ocrx_word' id='word_1_40' title='bbox 487 655 544 712; x_wconf 89' lang='lat' dir='ltr'>hac</span> <span class='ocrx_word' id='word_1_41' title='bbox 557 653 727 712; x_wconf 81' lang='lat' dir='ltr'>reductione</span> <span class='ocrx_word' id='word_1_42' title='bbox 740 655 942 713; x_wconf 85' lang='lat' dir='ltr'>inveniuntur.</span> <span class='ocrx_word' id='word_1_43' title='bbox 968 656 1075 713; x_wconf 90' lang='lat' dir='ltr'>auctor</span> 
     </span>
     <span class='ocr_line' id='line_1_7' title="bbox 59 735 1073 823; baseline -0.002 -17"><span class='ocrx_word' id='word_1_44' title='bbox 59 748 138 806; x_wconf 86' lang='lat' dir='ltr'>enim</span> <span class='ocrx_word' id='word_1_45' title='bbox 157 766 223 805; x_wconf 89' lang='lat' dir='ltr'>oum</span> <span class='ocrx_word' id='word_1_46' title='bbox 245 745 333 806; x_wconf 87' lang='lat' dir='ltr'>verba</span> <span class='ocrx_word' id='word_1_47' title='bbox 352 753 458 815; x_wconf 80' lang='grc' dir='ltr'><strong><em>κοινῶς</em></strong></span> <span class='ocrx_word' id='word_1_48' title='bbox 477 741 618 823; x_wconf 78' lang='grc' dir='ltr'><strong><em>λεγόμενα</em></strong></span> <span class='ocrx_word' id='word_1_49' title='bbox 637 744 750 818; x_wconf 87' lang='lat' dir='ltr'>passim</span> <span class='ocrx_word' id='word_1_50' title='bbox 767 745 831 819; x_wconf 88' lang='lat' dir='ltr'>ipse</span> <span class='ocrx_word' id='word_1_51' title='bbox 848 742 978 802; x_wconf 88' lang='lat' dir='ltr'>inseruit</span> <span class='ocrx_word' id='word_1_52' title='bbox 991 735 1031 823; x_wconf 86' lang='lat' dir='ltr'>(e.</span> <span class='ocrx_word' id='word_1_53' title='bbox 1045 763 1073 820; x_wconf 81' lang='lat' dir='ltr'>g.</span> 
     </span>
     <span class='ocr_line' id='line_1_8' title="bbox 59 828 1073 916; baseline -0.004 -24"><span class='ocrx_word' id='word_1_54' title='bbox 59 835 134 895; x_wconf 90' lang='lat' dir='ltr'><strong>VIII</strong></span> <span class='ocrx_word' id='word_1_55' title='bbox 150 828 229 916; x_wconf 78' lang='lat' dir='ltr'>osa)</span> <span class='ocrx_word' id='word_1_56' title='bbox 244 839 311 894; x_wconf 89' lang='lat' dir='ltr'>tum</span> <span class='ocrx_word' id='word_1_57' title='bbox 324 835 477 894; x_wconf 90' lang='lat' dir='ltr'>nonnullis</span> <span class='ocrx_word' id='word_1_58' title='bbox 491 834 565 893; x_wconf 88' lang='lat' dir='ltr'>locis</span> <span class='ocrx_word' id='word_1_59' title='bbox 579 834 752 908; x_wconf 82' lang='lat' dir='ltr'>praeterito,</span> <span class='ocrx_word' id='word_1_60' title='bbox 765 851 825 890; x_wconf 92' lang='lat' dir='ltr'>non</span> <span class='ocrx_word' id='word_1_61' title='bbox 839 834 994 908; x_wconf 88' lang='lat' dir='ltr'>praesente</span> <span class='ocrx_word' id='word_1_62' title='bbox 1009 851 1073 890; x_wconf 85' lang='lat' dir='ltr'>ver-</span> 
     </span>
     <span class='ocr_line' id='line_1_9' title="bbox 58 912 1073 1002; baseline -0.004 -18"><span class='ocrx_word' id='word_1_63' title='bbox 58 923 165 984; x_wconf 89' lang='lat' dir='ltr'>borum</span> <span class='ocrx_word' id='word_1_64' title='bbox 178 928 311 1002; x_wconf 91' lang='lat' dir='ltr'>tempore</span> <span class='ocrx_word' id='word_1_65' title='bbox 325 943 396 984; x_wconf 90' lang='lat' dir='ltr'>usus</span> <span class='ocrx_word' id='word_1_66' title='bbox 411 924 446 981; x_wconf 93' lang='lat' dir='ltr'>de</span> <span class='ocrx_word' id='word_1_67' title='bbox 461 921 657 999; x_wconf 84' lang='lat' dir='ltr'>religionibus</span> <span class='ocrx_word' id='word_1_68' title='bbox 672 922 804 996; x_wconf 77' lang='lat' dir='ltr'>antiquIs</span> <span class='ocrx_word' id='word_1_69' title='bbox 817 921 934 980; x_wconf 89' lang='lat' dir='ltr'>rettulit</span> <span class='ocrx_word' id='word_1_70' title='bbox 944 912 986 1001; x_wconf 87' lang='lat' dir='ltr'>(V</span> <span class='ocrx_word' id='word_1_71' title='bbox 997 921 1073 980; x_wconf 76' lang='lat'><strong>830:</strong></span> 
     </span>
     <span class='ocr_line' id='line_1_10' title="bbox 59 1006 1073 1094; baseline -0.005 -20"><span class='ocrx_word' id='word_1_72' title='bbox 59 1011 141 1094; x_wconf 76' lang='grc' dir='ltr'><strong><em>μέχρι</em></strong></span> <span class='ocrx_word' id='word_1_73' title='bbox 154 1023 207 1074; x_wconf 86' lang='grc' dir='ltr'>τοῦ</span> <span class='ocrx_word' id='word_1_74' title='bbox 221 1010 594 1093; x_wconf 76' lang='grc' dir='ltr'><strong><em>παρόντος-ἐπιτελοῦσιν</em></strong></span> <span class='ocrx_word' id='word_1_75' title='bbox 607 1013 823 1069; x_wconf 74' lang='lat' dir='ltr'><strong>KGLUEA:</strong></span> <span class='ocrx_word' id='word_1_76' title='bbox 837 1006 991 1070; x_wconf 79' lang='grc' dir='ltr'><strong><em>ἐπετέλουν</em></strong></span> <span class='ocrx_word' id='word_1_77' title='bbox 1004 1014 1073 1085; x_wconf 89' lang='lat' dir='ltr'>PT,</span> 
     </span>
     <span class='ocr_line' id='line_1_11' title="bbox 57 1096 1073 1181; baseline -0.005 -19"><span class='ocrx_word' id='word_1_78' title='bbox 57 1097 289 1181; x_wconf 68' lang='lat' dir='ltr'>V11106s08a:</span> <span class='ocrx_word' id='word_1_79' title='bbox 313 1110 416 1178; x_wconf 83' lang='grc' dir='ltr'><strong><em>τιμῶσι</em></strong></span> <span class='ocrx_word' id='word_1_80' title='bbox 434 1098 485 1160; x_wconf 78' lang='grc' dir='ltr'>τὸν</span> <span class='ocrx_word' id='word_1_81' title='bbox 504 1096 852 1178; x_wconf 73' lang='grc' dir='ltr'><strong><em>Πᾶνα-ἐμπαροινοῦσι</em></strong></span> <span class='ocrx_word' id='word_1_82' title='bbox 869 1102 1073 1167; x_wconf 66' lang='lat' dir='ltr'>Kanum:</span> 
     </span>
     <span class='ocr_line' id='line_1_12' title="bbox 58 1181 1073 1270; baseline -0.004 -19"><span class='ocrx_word' id='word_1_83' title='bbox 58 1189 165 1269; x_wconf 74' lang='grc' dir='ltr'><strong><em>ἐτίμων</em></strong></span> <span class='ocrx_word' id='word_1_84' title='bbox 192 1191 243 1251; x_wconf 88' lang='grc' dir='ltr'>τὸν</span> <span class='ocrx_word' id='word_1_85' title='bbox 272 1184 585 1270; x_wconf 81' lang='grc' dir='ltr'><strong><em>Πᾶνοι-ποιρῴνουν</em></strong></span> <span class='ocrx_word' id='word_1_86' title='bbox 612 1181 729 1268; x_wconf 81' lang='lat' dir='ltr'>GPT).</span> <span class='ocrx_word' id='word_1_87' title='bbox 766 1189 858 1246; x_wconf 91' lang='lat' dir='ltr'>immo</span> <span class='ocrx_word' id='word_1_88' title='bbox 887 1186 1073 1247; x_wconf 78' lang='lat' dir='ltr'>Christianus</span> 
     </span>
     <span class='ocr_line' id='line_1_13' title="bbox 56 1269 1073 1357; baseline -0.005 -18"><span class='ocrx_word' id='word_1_89' title='bbox 56 1281 156 1354; x_wconf 92' lang='lat' dir='ltr'>homo,</span> <span class='ocrx_word' id='word_1_90' title='bbox 174 1283 209 1337; x_wconf 88' lang='lat' dir='ltr'>ut</span> <span class='ocrx_word' id='word_1_91' title='bbox 227 1280 288 1336; x_wconf 86' lang='lat' dir='ltr'>iam</span> <span class='ocrx_word' id='word_1_92' title='bbox 301 1279 417 1336; x_wconf 86' lang='lat' dir='ltr'>Ahrans</span> <span class='ocrx_word' id='word_1_93' title='bbox 432 1269 474 1356; x_wconf 93' lang='lat' dir='ltr'>(p.</span> <span class='ocrx_word' id='word_1_94' title='bbox 489 1269 600 1357; x_wconf 86' lang='lat' dir='ltr'><strong>XLVI)</strong></span> <span class='ocrx_word' id='word_1_95' title='bbox 620 1275 842 1353; x_wconf 70' lang='lat' dir='ltr'>animadvertit,</span> <span class='ocrx_word' id='word_1_96' title='bbox 861 1295 894 1335; x_wconf 89' lang='lat' dir='ltr'>eo</span> <span class='ocrx_word' id='word_1_97' title='bbox 912 1276 1073 1352; x_wconf 87' lang='lat' dir='ltr'>deprehen-</span> 
     </span>
     <span class='ocr_line' id='line_1_14' title="bbox 59 1357 1073 1446; baseline -0.004 -19"><span class='ocrx_word' id='word_1_98' title='bbox 59 1370 150 1442; x_wconf 88' lang='lat' dir='ltr'>ditur,</span> <span class='ocrx_word' id='word_1_99' title='bbox 170 1367 249 1440; x_wconf 93' lang='lat' dir='ltr'>quod</span> <span class='ocrx_word' id='word_1_100' title='bbox 267 1369 298 1424; x_wconf 91' lang='lat' dir='ltr'>et</span> <span class='ocrx_word' id='word_1_101' title='bbox 315 1367 412 1424; x_wconf 88' lang='lat' dir='ltr'>locum</span> <span class='ocrx_word' id='word_1_102' title='bbox 426 1365 612 1424; x_wconf 90' lang='lat' dir='ltr'>Psalmorum</span> <span class='ocrx_word' id='word_1_103' title='bbox 632 1358 708 1445; x_wconf 91' lang='lat' dir='ltr'>(una</span> <span class='ocrx_word' id='word_1_104' title='bbox 727 1384 795 1424; x_wconf 88' lang='lat' dir='ltr'>cum</span> <span class='ocrx_word' id='word_1_105' title='bbox 809 1357 989 1446; x_wconf 84' lang='lat' dir='ltr'>Aphthonii)</span> <span class='ocrx_word' id='word_1_106' title='bbox 1009 1365 1073 1423; x_wconf 87' lang='lat' dir='ltr'>lau·</span> 
     </span>
     <span class='ocr_line' id='line_1_15' title="bbox 59 1446 1073 1535; baseline 0 -21"><span class='ocrx_word' id='word_1_107' title='bbox 59 1456 113 1514; x_wconf 90' lang='lat' dir='ltr'>dat</span> <span class='ocrx_word' id='word_1_108' title='bbox 132 1448 191 1535; x_wconf 89' lang='lat' dir='ltr'>(VI</span> <span class='ocrx_word' id='word_1_109' title='bbox 205 1446 339 1535; x_wconf 68' lang='lat' dir='ltr'>20s24d)</span> <span class='ocrx_word' id='word_1_110' title='bbox 366 1458 395 1514; x_wconf 92' lang='lat' dir='ltr'>et</span> <span class='ocrx_word' id='word_1_111' title='bbox 419 1455 653 1529; x_wconf 88' lang='lat' dir='ltr'>Thesmophoria</span> <span class='ocrx_word' id='word_1_112' title='bbox 678 1456 723 1512; x_wconf 93' lang='lat' dir='ltr'>ita</span> <span class='ocrx_word' id='word_1_113' title='bbox 748 1454 901 1529; x_wconf 84' lang='lat' dir='ltr'>describit,</span> <span class='ocrx_word' id='word_1_114' title='bbox 927 1457 962 1512; x_wconf 88' lang='lat' dir='ltr'>ut</span> <span class='ocrx_word' id='word_1_115' title='bbox 983 1455 1073 1515; x_wconf 85' lang='lat' dir='ltr'>huius</span> 
     </span>
    </p>

    <p class='ocr_par' dir='ltr' id='par_1_3' title="bbox 56 1543 1074 1892">
     <span class='ocr_line' id='line_1_16' title="bbox 58 1543 1074 1622; baseline -0.001 -19"><span class='ocrx_word' id='word_1_116' title='bbox 58 1546 212 1622; x_wconf 78' lang='lat' dir='ltr'>refigionis</span> <span class='ocrx_word' id='word_1_117' title='bbox 240 1543 446 1603; x_wconf 75' lang='lat' dir='ltr'>sectatori&#39;ab</span> <span class='ocrx_word' id='word_1_118' title='bbox 472 1543 653 1620; x_wconf 87' lang='lat' dir='ltr'>antiquitate</span> <span class='ocrx_word' id='word_1_119' title='bbox 679 1544 863 1602; x_wconf 76' lang='lat' dir='ltr'>alienisSImo</span> <span class='ocrx_word' id='word_1_120' title='bbox 889 1543 1074 1620; x_wconf 88' lang='lat' dir='ltr'>apparebant</span> 
     </span>
     <span class='ocr_line' id='line_1_17' title="bbox 60 1627 1073 1715; baseline 0.001 -24"><span class='ocrx_word' id='word_1_121' title='bbox 60 1627 118 1715; x_wconf 85' lang='lat' dir='ltr'>(IV</span> <span class='ocrx_word' id='word_1_122' title='bbox 135 1635 211 1694; x_wconf 79' lang='lat'><strong>250:</strong></span> <span class='ocrx_word' id='word_1_123' title='bbox 238 1632 290 1705; x_wconf 80' lang='grc' dir='ltr'>τὰς</span> <span class='ocrx_word' id='word_1_124' title='bbox 315 1632 460 1710; x_wconf 84' lang='grc' dir='ltr'><strong><em>νομίμους</em></strong></span> <span class='ocrx_word' id='word_1_125' title='bbox 485 1632 607 1711; x_wconf 78' lang='grc' dir='ltr'><strong><em>βίβλους</em></strong></span> <span class='ocrx_word' id='word_1_126' title='bbox 632 1630 680 1691; x_wconf 81' lang='grc' dir='ltr'>καὶ</span> <span class='ocrx_word' id='word_1_127' title='bbox 706 1631 799 1711; x_wconf 85' lang='grc' dir='ltr'><strong><em>ίεροίς,</em></strong></span> <span class='ocrx_word' id='word_1_128' title='bbox 827 1628 867 1703; x_wconf 82' lang='grc' dir='ltr'>ὡς</span> <span class='ocrx_word' id='word_1_129' title='bbox 893 1629 987 1693; x_wconf 79' lang='grc' dir='ltr'><strong><em>ἐδόκει</em></strong></span> <span class='ocrx_word' id='word_1_130' title='bbox 1011 1637 1073 1704; x_wconf 82' lang='grc' dir='ltr'><strong><em>τοῖς</em></strong></span> 
     </span>
     <span class='ocr_line' id='line_1_18' title="bbox 56 1717 1073 1802; baseline -0.002 -20"><span class='ocrx_word' id='word_1_131' title='bbox 56 1717 247 1801; x_wconf 80' lang='grc' dir='ltr'><strong><em>Ἀθηναίοις,</em></strong></span> <span class='ocrx_word' id='word_1_132' title='bbox 275 1721 412 1801; x_wconf 78' lang='grc' dir='ltr'><strong><em>ὑπεράνω</em></strong></span> <span class='ocrx_word' id='word_1_133' title='bbox 439 1729 498 1781; x_wconf 83' lang='grc' dir='ltr'>τῶν</span> <span class='ocrx_word' id='word_1_134' title='bbox 526 1719 624 1782; x_wconf 81' lang='grc' dir='ltr'><strong><em>αὐτῶν</em></strong></span> <span class='ocrx_word' id='word_1_135' title='bbox 652 1730 796 1802; x_wconf 82' lang='grc' dir='ltr'><strong><em>κορυφῶν</em></strong></span> <span class='ocrx_word' id='word_1_136' title='bbox 824 1719 998 1781; x_wconf 76' lang='grc' dir='ltr'><strong><em>ἀνετίθεσαν</em></strong></span> <span class='ocrx_word' id='word_1_137' title='bbox 1023 1719 1073 1781; x_wconf 84' lang='grc' dir='ltr'><strong><em>κοιλ</em></strong></span> 
     </span>
     <span class='ocr_line' id='line_1_19' title="bbox 61 1803 829 1892; baseline -0.003 -20"><span class='ocrx_word' id='word_1_138' title='bbox 61 1808 167 1873; x_wconf 81' lang='grc' dir='ltr'><strong><em>ὡσανεὶ</em></strong></span> <span class='ocrx_word' id='word_1_139' title='bbox 186 1811 390 1872; x_wconf 85' lang='grc' dir='ltr'><strong><em>λιτανεύουσοιι</em></strong></span> <span class='ocrx_word' id='word_1_140' title='bbox 408 1808 574 1890; x_wconf 75' lang='grc' dir='ltr'><strong><em>ἀπήρχοντο</em></strong></span> <span class='ocrx_word' id='word_1_141' title='bbox 594 1810 636 1883; x_wconf 85' lang='grc' dir='ltr'>εἰς</span> <span class='ocrx_word' id='word_1_142' title='bbox 650 1803 829 1892; x_wconf 86' lang='grc' dir='ltr'><strong><em>Ἐλευσῖνα).</em></strong></span> 
     </span>
    </p>

    <p class='ocr_par' dir='ltr' id='par_1_4' title="bbox 57 1901 1072 3047">
     <span class='ocr_line' id='line_1_20' title="bbox 126 1901 1072 1978; baseline -0.002 -18"><span class='ocrx_word' id='word_1_143' title='bbox 126 1902 191 1960; x_wconf 89' lang='lat' dir='ltr'>Iam</span> <span class='ocrx_word' id='word_1_144' title='bbox 216 1922 285 1962; x_wconf 88' lang='lat' dir='ltr'>vero</span> <span class='ocrx_word' id='word_1_145' title='bbox 311 1901 512 1978; x_wconf 90' lang='lat' dir='ltr'>quaerendum</span> <span class='ocrx_word' id='word_1_146' title='bbox 538 1903 593 1974; x_wconf 88' lang='lat' dir='ltr'>est,</span> <span class='ocrx_word' id='word_1_147' title='bbox 618 1920 708 1977; x_wconf 91' lang='lat' dir='ltr'>quam</span> <span class='ocrx_word' id='word_1_148' title='bbox 733 1901 881 1960; x_wconf 88' lang='lat' dir='ltr'>rationem</span> <span class='ocrx_word' id='word_1_149' title='bbox 906 1901 1072 1976; x_wconf 88' lang='lat' dir='ltr'>exemplum</span> 
     </span>
     <span class='ocr_line' id='line_1_21' title="bbox 58 1989 1072 2067; baseline 0 -19"><span class='ocrx_word' id='word_1_150' title='bbox 58 1991 135 2048; x_wconf 88' lang='lat' dir='ltr'>illud</span> <span class='ocrx_word' id='word_1_151' title='bbox 154 1993 290 2066; x_wconf 84' lang='lat' dir='ltr'>amplius,</span> <span class='ocrx_word' id='word_1_152' title='bbox 310 2011 326 2050; x_wconf 88' lang='grc' dir='ltr'><strong><em>ο</em></strong></span> <span class='ocrx_word' id='word_1_153' title='bbox 345 2011 404 2067; x_wconf 90' lang='lat' dir='ltr'>quo</span> <span class='ocrx_word' id='word_1_154' title='bbox 423 1991 537 2049; x_wconf 88' lang='lat' dir='ltr'>scholia</span> <span class='ocrx_word' id='word_1_155' title='bbox 550 1989 754 2048; x_wconf 78' lang='lat' dir='ltr'>Laurentiano</span> <span class='ocrx_word' id='word_1_156' title='bbox 772 1991 843 2050; x_wconf 86' lang='lat' dir='ltr'>licet</span> <span class='ocrx_word' id='word_1_157' title='bbox 860 1993 1000 2048; x_wconf 88' lang='lat' dir='ltr'>truncata</span> <span class='ocrx_word' id='word_1_158' title='bbox 1018 1990 1072 2048; x_wconf 89' lang='lat' dir='ltr'>flu·</span> 
     </span>
     <span class='ocr_line' id='line_1_22' title="bbox 59 2077 1071 2156; baseline 0 -18"><span class='ocrx_word' id='word_1_159' title='bbox 59 2084 174 2154; x_wconf 80' lang='lat' dir='ltr'>xerunt,</span> <span class='ocrx_word' id='word_1_160' title='bbox 193 2084 223 2138; x_wconf 91' lang='lat' dir='ltr'>et</span> <span class='ocrx_word' id='word_1_161' title='bbox 241 2100 308 2139; x_wconf 92' lang='lat' dir='ltr'>oum</span> <span class='ocrx_word' id='word_1_162' title='bbox 321 2080 519 2140; x_wconf 81' lang='lat' dir='ltr'>Ambrosiano</span> <span class='ocrx_word' id='word_1_163' title='bbox 538 2097 645 2156; x_wconf 86' lang='lat' dir='ltr'>genere</span> <span class='ocrx_word' id='word_1_164' title='bbox 663 2079 773 2137; x_wconf 89' lang='lat' dir='ltr'>habeat</span> <span class='ocrx_word' id='word_1_165' title='bbox 790 2082 901 2138; x_wconf 86' lang='lat' dir='ltr'>etcum</span> <span class='ocrx_word' id='word_1_166' title='bbox 915 2077 1071 2138; x_wconf 89' lang='lat' dir='ltr'>Vaticano.</span> 
     </span>
     <span class='ocr_line' id='line_1_23' title="bbox 58 2166 1072 2246; baseline -0.001 -19"><span class='ocrx_word' id='word_1_167' title='bbox 58 2188 154 2244; x_wconf 87' lang='lat' dir='ltr'>neque</span> <span class='ocrx_word' id='word_1_168' title='bbox 173 2170 277 2246; x_wconf 86' lang='lat' dir='ltr'>negari</span> <span class='ocrx_word' id='word_1_169' title='bbox 294 2171 395 2245; x_wconf 85' lang='lat' dir='ltr'>potest</span> <span class='ocrx_word' id='word_1_170' title='bbox 414 2169 526 2228; x_wconf 89' lang='lat' dir='ltr'>scholia</span> <span class='ocrx_word' id='word_1_171' title='bbox 544 2166 748 2226; x_wconf 82' lang='lat' dir='ltr'>Laurentiano</span> <span class='ocrx_word' id='word_1_172' title='bbox 762 2169 836 2228; x_wconf 86' lang='lat' dir='ltr'>satis</span> <span class='ocrx_word' id='word_1_173' title='bbox 849 2169 1023 2244; x_wconf 83' lang='lat' dir='ltr'>frequenter</span> <span class='ocrx_word' id='word_1_174' title='bbox 1037 2187 1072 2226; x_wconf 85' lang='lat' dir='ltr'>ex</span> 
     </span>
     <span class='ocr_line' id='line_1_24' title="bbox 58 2256 1071 2334; baseline 0.001 -19"><span class='ocrx_word' id='word_1_175' title='bbox 58 2259 96 2315; x_wconf 89' lang='lat' dir='ltr'>iis</span> <span class='ocrx_word' id='word_1_176' title='bbox 115 2257 251 2316; x_wconf 76' lang='lat' dir='ltr'>derivata</span> <span class='ocrx_word' id='word_1_177' title='bbox 269 2258 372 2333; x_wconf 76' lang='lat' dir='ltr'>videm,</span> <span class='ocrx_word' id='word_1_178' title='bbox 392 2275 468 2334; x_wconf 87' lang='lat' dir='ltr'>quae</span> <span class='ocrx_word' id='word_1_179' title='bbox 486 2276 565 2316; x_wconf 87' lang='lat' dir='ltr'>nuno</span> <span class='ocrx_word' id='word_1_180' title='bbox 583 2256 682 2316; x_wconf 86' lang='lat' dir='ltr'>codice</span> <span class='ocrx_word' id='word_1_181' title='bbox 696 2262 727 2316; x_wconf 88' lang='grc' dir='ltr'><strong><em>Κ</em></strong></span> <span class='ocrx_word' id='word_1_182' title='bbox 741 2258 804 2317; x_wconf 88' lang='lat' dir='ltr'>solo</span> <span class='ocrx_word' id='word_1_183' title='bbox 819 2260 984 2317; x_wconf 84' lang='lat' dir='ltr'>serrantur.</span> <span class='ocrx_word' id='word_1_184' title='bbox 1004 2277 1071 2318; x_wconf 91' lang='lat' dir='ltr'>con·</span> 
     </span>
     <span class='ocr_line' id='line_1_25' title="bbox 57 2339 1072 2428; baseline 0 -22"><span class='ocrx_word' id='word_1_185' title='bbox 57 2349 138 2406; x_wconf 80' lang='lat' dir='ltr'>feras</span> <span class='ocrx_word' id='word_1_186' title='bbox 158 2367 181 2404; x_wconf 90' lang='lat' dir='ltr'>e.</span> <span class='ocrx_word' id='word_1_187' title='bbox 197 2368 224 2423; x_wconf 83' lang='lat' dir='ltr'>g.</span> <span class='ocrx_word' id='word_1_188' title='bbox 243 2347 259 2405; x_wconf 97' lang='lat' dir='ltr'><strong>I</strong></span> <span class='ocrx_word' id='word_1_189' title='bbox 275 2351 314 2405; x_wconf 90' lang='lat' dir='ltr'>le</span> <span class='ocrx_word' id='word_1_190' title='bbox 339 2339 448 2426; x_wconf 81' lang='grc' dir='ltr'><strong><em>(πνοάς</em></strong></span> <span class='ocrx_word' id='word_1_191' title='bbox 465 2350 537 2422; x_wconf 88' lang='lat' dir='ltr'>PT,</span> <span class='ocrx_word' id='word_1_192' title='bbox 565 2348 597 2405; x_wconf 91' lang='lat' dir='ltr'>in</span> <span class='ocrx_word' id='word_1_193' title='bbox 619 2346 663 2406; x_wconf 88' lang='lat' dir='ltr'>ld</span> <span class='ocrx_word' id='word_1_194' title='bbox 681 2354 777 2424; x_wconf 92' lang='grc' dir='ltr'><strong><em>πνοῆς</em></strong></span> <span class='ocrx_word' id='word_1_195' title='bbox 794 2351 838 2405; x_wconf 85' lang='lat' dir='ltr'>K:</span> <span class='ocrx_word' id='word_1_196' title='bbox 862 2355 967 2425; x_wconf 84' lang='grc' dir='ltr'><strong><em>φωνῆς</em></strong></span> <span class='ocrx_word' id='word_1_197' title='bbox 985 2339 1072 2428; x_wconf 81' lang='lat' dir='ltr'>AT),</span> 
     </span>
     <span class='ocr_line' id='line_1_26' title="bbox 61 2428 1071 2516; baseline 0.001 -22"><span class='ocrx_word' id='word_1_198' title='bbox 61 2437 161 2510; x_wconf 87' lang='lat' dir='ltr'>118a,</span> <span class='ocrx_word' id='word_1_199' title='bbox 187 2438 288 2511; x_wconf 78' lang='lat' dir='ltr'>134a,</span> <span class='ocrx_word' id='word_1_200' title='bbox 310 2435 407 2512; x_wconf 85' lang='lat' dir='ltr'>VHc,</span> <span class='ocrx_word' id='word_1_201' title='bbox 428 2428 517 2514; x_wconf 63' lang='lat' dir='ltr'>osai,</span> <span class='ocrx_word' id='word_1_202' title='bbox 539 2439 618 2513; x_wconf 82' lang='lat' dir='ltr'>ldg,</span> <span class='ocrx_word' id='word_1_203' title='bbox 638 2437 694 2510; x_wconf 82' lang='lat'>59,</span> <span class='ocrx_word' id='word_1_204' title='bbox 715 2438 793 2509; x_wconf 78' lang='lat' dir='ltr'>IOa,</span> <span class='ocrx_word' id='word_1_205' title='bbox 814 2431 978 2516; x_wconf 69' lang='grc' dir='ltr'>λὸίλλῐρ,</span> <span class='ocrx_word' id='word_1_206' title='bbox 999 2437 1071 2511; x_wconf 86' lang='grc'>105,</span> 
     </span>
     <span class='ocr_line' id='line_1_27' title="bbox 61 2518 1070 2604; baseline 0.002 -22"><span class='ocrx_word' id='word_1_207' title='bbox 61 2518 210 2604; x_wconf 72' lang='grc' dir='ltr'>109ί1οκ.</span> <span class='ocrx_word' id='word_1_208' title='bbox 243 2527 419 2602; x_wconf 86' lang='lat' dir='ltr'>plerumque</span> <span class='ocrx_word' id='word_1_209' title='bbox 441 2545 511 2584; x_wconf 79' lang='lat' dir='ltr'>uero</span> <span class='ocrx_word' id='word_1_210' title='bbox 531 2543 549 2583; x_wconf 88' lang='lat' dir='ltr'>a</span> <span class='ocrx_word' id='word_1_211' title='bbox 566 2526 721 2584; x_wconf 78' lang='lat' dir='ltr'>Vaticanis</span> <span class='ocrx_word' id='word_1_212' title='bbox 740 2525 860 2584; x_wconf 87' lang='lat' dir='ltr'>scholiis</span> <span class='ocrx_word' id='word_1_213' title='bbox 879 2527 1002 2602; x_wconf 87' lang='lat' dir='ltr'>propius</span> <span class='ocrx_word' id='word_1_214' title='bbox 1021 2525 1070 2584; x_wconf 90' lang='lat' dir='ltr'>ab·</span> 
     </span>
     <span class='ocr_line' id='line_1_28' title="bbox 59 2615 1071 2691; baseline 0 -19"><span class='ocrx_word' id='word_1_215' title='bbox 59 2616 142 2689; x_wconf 84' lang='lat' dir='ltr'>sunt,</span> <span class='ocrx_word' id='word_1_216' title='bbox 171 2617 207 2674; x_wconf 92' lang='lat' dir='ltr'>ut</span> <span class='ocrx_word' id='word_1_217' title='bbox 228 2616 378 2691; x_wconf 89' lang='lat' dir='ltr'>permulta</span> <span class='ocrx_word' id='word_1_218' title='bbox 401 2615 548 2690; x_wconf 84' lang='lat' dir='ltr'>exempla,</span> <span class='ocrx_word' id='word_1_219' title='bbox 576 2634 653 2690; x_wconf 90' lang='lat' dir='ltr'>quae</span> <span class='ocrx_word' id='word_1_220' title='bbox 676 2633 848 2673; x_wconf 91' lang='lat' dir='ltr'>enumerare</span> <span class='ocrx_word' id='word_1_221' title='bbox 870 2615 995 2691; x_wconf 84' lang='lat' dir='ltr'>longum</span> <span class='ocrx_word' id='word_1_222' title='bbox 1017 2617 1071 2690; x_wconf 87' lang='lat' dir='ltr'>est,</span> 
     </span>
     <span class='ocr_line' id='line_1_29' title="bbox 59 2703 1071 2780; baseline 0 -18"><span class='ocrx_word' id='word_1_223' title='bbox 59 2705 132 2762; x_wconf 84' lang='lat' dir='ltr'>satis</span> <span class='ocrx_word' id='word_1_224' title='bbox 152 2722 299 2780; x_wconf 88' lang='lat' dir='ltr'>superque</span> <span class='ocrx_word' id='word_1_225' title='bbox 317 2704 454 2780; x_wconf 88' lang='lat' dir='ltr'>probant.</span> <span class='ocrx_word' id='word_1_226' title='bbox 486 2703 563 2762; x_wconf 89' lang='lat' dir='ltr'>liber</span> <span class='ocrx_word' id='word_1_227' title='bbox 580 2705 682 2780; x_wconf 86' lang='lat' dir='ltr'>igitur,</span> <span class='ocrx_word' id='word_1_228' title='bbox 701 2723 717 2762; x_wconf 90' lang='lat' dir='ltr'>e</span> <span class='ocrx_word' id='word_1_229' title='bbox 736 2723 795 2779; x_wconf 89' lang='lat' dir='ltr'>quo</span> <span class='ocrx_word' id='word_1_230' title='bbox 815 2703 927 2762; x_wconf 89' lang='lat' dir='ltr'>scholia</span> <span class='ocrx_word' id='word_1_231' title='bbox 941 2703 1071 2762; x_wconf 87' lang='lat' dir='ltr'>Lauren-</span> 
     </span>
     <span class='ocr_line' id='line_1_30' title="bbox 58 2792 1072 2869; baseline 0 -19"><span class='ocrx_word' id='word_1_232' title='bbox 58 2794 143 2850; x_wconf 87' lang='lat' dir='ltr'>tiana</span> <span class='ocrx_word' id='word_1_233' title='bbox 162 2795 301 2869; x_wconf 81' lang='lat' dir='ltr'>excerpta</span> <span class='ocrx_word' id='word_1_234' title='bbox 319 2795 397 2868; x_wconf 87' lang='lat' dir='ltr'>sunt,</span> <span class='ocrx_word' id='word_1_235' title='bbox 420 2793 590 2852; x_wconf 90' lang='lat' dir='ltr'>simillimus</span> <span class='ocrx_word' id='word_1_236' title='bbox 609 2793 701 2852; x_wconf 86' lang='lat' dir='ltr'>fuisse</span> <span class='ocrx_word' id='word_1_237' title='bbox 720 2792 839 2852; x_wconf 88' lang='lat' dir='ltr'>videtur</span> <span class='ocrx_word' id='word_1_238' title='bbox 856 2792 1072 2851; x_wconf 86' lang='lat' dir='ltr'>Vaticauorum</span> 
     </span>
     <span class='ocr_line' id='line_1_31' title="bbox 59 2881 1070 2958; baseline 0.001 -19"><span class='ocrx_word' id='word_1_239' title='bbox 59 2882 228 2958; x_wconf 85' lang='lat' dir='ltr'>archetypi,</span> <span class='ocrx_word' id='word_1_240' title='bbox 255 2902 344 2958; x_wconf 91' lang='lat' dir='ltr'>quem</span> <span class='ocrx_word' id='word_1_241' title='bbox 371 2882 409 2941; x_wconf 89' lang='lat' dir='ltr'>ab</span> <span class='ocrx_word' id='word_1_242' title='bbox 433 2881 630 2942; x_wconf 89' lang='lat' dir='ltr'>Ambrosiano</span> <span class='ocrx_word' id='word_1_243' title='bbox 658 2901 717 2941; x_wconf 89' lang='lat' dir='ltr'>non</span> <span class='ocrx_word' id='word_1_244' title='bbox 744 2884 789 2940; x_wconf 90' lang='lat' dir='ltr'>ita</span> <span class='ocrx_word' id='word_1_245' title='bbox 815 2883 944 2940; x_wconf 89' lang='lat' dir='ltr'>multum</span> <span class='ocrx_word' id='word_1_246' title='bbox 969 2881 1070 2942; x_wconf 85' lang='lat' dir='ltr'>abasse</span> 
     </span>
     <span class='ocr_line' id='line_1_32' title="bbox 59 2971 307 3047; baseline 0 -17"><span class='ocrx_word' id='word_1_247' title='bbox 59 2987 151 3047; x_wconf 86' lang='lat' dir='ltr'>supra</span> <span class='ocrx_word' id='word_1_248' title='bbox 169 2971 307 3030; x_wconf 82' lang='lat' dir='ltr'>vidimus.</span> 
     </span>
    </p>

    <p class='ocr_par' dir='ltr' id='par_1_5' title="bbox 57 3057 1168 3586">
     <span class='ocr_line' id='line_1_33' title="bbox 127 3057 1168 3154; baseline -0.001 -37"><span class='ocrx_word' id='word_1_249' title='bbox 127 3059 198 3118; x_wconf 88' lang='lat' dir='ltr'>Tria</span> <span class='ocrx_word' id='word_1_250' title='bbox 212 3061 390 3120; x_wconf 85' lang='lat' dir='ltr'>scholiorum</span> <span class='ocrx_word' id='word_1_251' title='bbox 405 3080 522 3138; x_wconf 87' lang='lat' dir='ltr'>genera,</span> <span class='ocrx_word' id='word_1_252' title='bbox 536 3061 572 3119; x_wconf 90' lang='lat' dir='ltr'>de</span> <span class='ocrx_word' id='word_1_253' title='bbox 587 3060 694 3135; x_wconf 89' lang='lat' dir='ltr'>quibus</span> <span class='ocrx_word' id='word_1_254' title='bbox 709 3061 847 3133; x_wconf 84' lang='lat' dir='ltr'>diximus,</span> <span class='ocrx_word' id='word_1_255' title='bbox 861 3057 899 3117; x_wconf 89' lang='lat' dir='ltr'>ab</span> <span class='ocrx_word' id='word_1_256' title='bbox 908 3078 968 3118; x_wconf 91' lang='lat' dir='ltr'>uno</span> <span class='ocrx_word' id='word_1_257' title='bbox 978 3062 1071 3134; x_wconf 86' lang='lat' dir='ltr'>atque</span> <span class='ocrx_word' id='word_1_258' title='bbox 1081 3061 1168 3154; x_wconf 36' lang='lat' dir='ltr'>Aropo.-</span> 
     </span>
     <span class='ocr_line' id='line_1_34' title="bbox 59 3123 1131 3227; baseline -0.003 -19"><span class='ocrx_word' id='word_1_259' title='bbox 59 3147 162 3208; x_wconf 86' lang='lat' dir='ltr'>eodem</span> <span class='ocrx_word' id='word_1_260' title='bbox 178 3150 373 3226; x_wconf 86' lang='lat' dir='ltr'>archetypo</span> <span class='ocrx_word' id='word_1_261' title='bbox 384 3151 530 3227; x_wconf 87' lang='lat' dir='ltr'>originem</span> <span class='ocrx_word' id='word_1_262' title='bbox 540 3150 656 3208; x_wconf 85' lang='lat' dir='ltr'>duxisse</span> <span class='ocrx_word' id='word_1_263' title='bbox 667 3149 754 3208; x_wconf 87' lang='lat' dir='ltr'>faciIe</span> <span class='ocrx_word' id='word_1_264' title='bbox 764 3147 958 3225; x_wconf 86' lang='lat' dir='ltr'>intellegitur.</span> <span class='ocrx_word' id='word_1_265' title='bbox 979 3147 1071 3207; x_wconf 90' lang='lat' dir='ltr'>abun·</span> <span class='ocrx_word' id='word_1_266' title='bbox 1090 3123 1131 3168; x_wconf 52' lang='grc' dir='ltr'><em>Ἦ</em></span> 
     </span>
     <span class='ocr_line' id='line_1_35' title="bbox 58 3236 1070 3314; baseline 0 -18"><span class='ocrx_word' id='word_1_267' title='bbox 58 3237 133 3296; x_wconf 84' lang='lat' dir='ltr'>dant</span> <span class='ocrx_word' id='word_1_268' title='bbox 160 3240 237 3296; x_wconf 86' lang='lat' dir='ltr'>enim</span> <span class='ocrx_word' id='word_1_269' title='bbox 265 3239 354 3312; x_wconf 88' lang='lat' dir='ltr'>vitia,</span> <span class='ocrx_word' id='word_1_270' title='bbox 381 3258 458 3314; x_wconf 88' lang='lat' dir='ltr'>quae</span> <span class='ocrx_word' id='word_1_271' title='bbox 480 3239 528 3297; x_wconf 86' lang='lat' dir='ltr'>vel</span> <span class='ocrx_word' id='word_1_272' title='bbox 552 3241 682 3296; x_wconf 90' lang='lat' dir='ltr'>omnium</span> <span class='ocrx_word' id='word_1_273' title='bbox 706 3237 852 3296; x_wconf 85' lang='lat' dir='ltr'>librorum</span> <span class='ocrx_word' id='word_1_274' title='bbox 875 3238 923 3296; x_wconf 89' lang='lat' dir='ltr'>val</span> <span class='ocrx_word' id='word_1_275' title='bbox 945 3236 1070 3296; x_wconf 90' lang='lat' dir='ltr'>Ambro-</span> 
     </span>
     <span class='ocr_line' id='line_1_36' title="bbox 59 3326 1071 3406; baseline 0 -21"><span class='ocrx_word' id='word_1_276' title='bbox 59 3328 139 3385; x_wconf 87' lang='lat' dir='ltr'>siani</span> <span class='ocrx_word' id='word_1_277' title='bbox 161 3346 227 3385; x_wconf 90' lang='lat' dir='ltr'>cum</span> <span class='ocrx_word' id='word_1_278' title='bbox 251 3327 361 3387; x_wconf 84' lang='lat' dir='ltr'>diversi</span> <span class='ocrx_word' id='word_1_279' title='bbox 380 3329 495 3406; x_wconf 86' lang='lat' dir='ltr'>generis</span> <span class='ocrx_word' id='word_1_280' title='bbox 514 3326 640 3386; x_wconf 87' lang='lat' dir='ltr'>testibus</span> <span class='ocrx_word' id='word_1_281' title='bbox 659 3328 829 3386; x_wconf 89' lang='lat' dir='ltr'>communia</span> <span class='ocrx_word' id='word_1_282' title='bbox 847 3330 925 3385; x_wconf 89' lang='lat' dir='ltr'>sunt.</span> <span class='ocrx_word' id='word_1_283' title='bbox 958 3329 989 3385; x_wconf 91' lang='lat' dir='ltr'>et</span> <span class='ocrx_word' id='word_1_284' title='bbox 1007 3344 1071 3385; x_wconf 69' lang='lat' dir='ltr'>cor</span> 
     </span>
     <span class='ocr_line' id='line_1_37' title="bbox 57 3407 1071 3493; baseline 0 -19"><span class='ocrx_word' id='word_1_285' title='bbox 57 3419 149 3492; x_wconf 90' lang='lat' dir='ltr'>rupta</span> <span class='ocrx_word' id='word_1_286' title='bbox 163 3415 283 3491; x_wconf 87' lang='lat' dir='ltr'>quidem</span> <span class='ocrx_word' id='word_1_287' title='bbox 296 3416 387 3475; x_wconf 84' lang='lat' dir='ltr'>verba</span> <span class='ocrx_word' id='word_1_288' title='bbox 401 3416 598 3476; x_wconf 88' lang='lat' dir='ltr'>obversantur</span> <span class='ocrx_word' id='word_1_289' title='bbox 612 3436 634 3475; x_wconf 92' lang='lat' dir='ltr'>e.</span> <span class='ocrx_word' id='word_1_290' title='bbox 643 3436 670 3493; x_wconf 81' lang='lat' dir='ltr'>g.</span> <span class='ocrx_word' id='word_1_291' title='bbox 685 3418 716 3474; x_wconf 92' lang='lat' dir='ltr'>in</span> <span class='ocrx_word' id='word_1_292' title='bbox 726 3416 846 3475; x_wconf 83' lang='lat' dir='ltr'>scholiis</span> <span class='ocrx_word' id='word_1_293' title='bbox 855 3415 905 3473; x_wconf 94' lang='lat' dir='ltr'>Bb</span> <span class='ocrx_word' id='word_1_294' title='bbox 915 3407 1047 3493; x_wconf 78' lang='grc' dir='ltr'><strong><em>(διδόναι</em></strong></span> <span class='ocrx_word' id='word_1_295' title='bbox 1063 3457 1071 3491; x_wconf 91' lang='grc'><strong>,</strong></span> 
     </span>
     <span class='ocr_line' id='line_1_38' title="bbox 57 3496 1071 3586; baseline 0 -24"><span class='ocrx_word' id='word_1_296' title='bbox 57 3503 74 3562; x_wconf 94' lang='lat' dir='ltr'><strong>I</strong></span> <span class='ocrx_word' id='word_1_297' title='bbox 89 3504 156 3564; x_wconf 70' lang='lat' dir='ltr'>seb</span> <span class='ocrx_word' id='word_1_298' title='bbox 171 3496 408 3585; x_wconf 78' lang='grc' dir='ltr'><strong><em>(Ἀριστοτέλης),</em></strong></span> <span class='ocrx_word' id='word_1_299' title='bbox 429 3506 490 3564; x_wconf 77' lang='lat' dir='ltr'>5ss</span> <span class='ocrx_word' id='word_1_300' title='bbox 503 3496 686 3586; x_wconf 74' lang='grc' dir='ltr'><strong><em>(Ἱεροκλῆς),</em></strong></span> <span class='ocrx_word' id='word_1_301' title='bbox 706 3499 826 3583; x_wconf 73' lang='lat' dir='ltr'>osseas</span> <span class='ocrx_word' id='word_1_302' title='bbox 841 3496 1048 3583; x_wconf 78' lang='grc' dir='ltr'><strong><em>(θαυμάζομεν</em></strong></span> <span class='ocrx_word' id='word_1_303' title='bbox 1063 3547 1071 3578; x_wconf 86' lang='grc'>,</span> 
     </span>
    </p>
   </div>
   <div class='ocr_carea' id='block_1_3' title="bbox 114 3601 909 3654">
    <p class='ocr_par' dir='ltr' id='par_1_6' title="bbox 114 3601 909 3654">
     <span class='ocr_line' id='line_1_39' title="bbox 114 3601 909 3654; baseline 0.001 -1"><span class='ocrx_word' id='word_1_304' title='bbox 114 3613 220 3653; x_wconf 72' lang='lat' dir='ltr'>Sancum</span> <span class='ocrx_word' id='word_1_305' title='bbox 234 3623 260 3654; x_wconf 78' lang='lat' dir='ltr'>nr</span> <span class='ocrx_word' id='word_1_306' title='bbox 274 3614 432 3654; x_wconf 73' lang='lat' dir='ltr'>unooamuu</span> <span class='ocrx_word' id='word_1_307' title='bbox 445 3625 489 3654; x_wconf 85' lang='lat' dir='ltr'>reo.</span> <span class='ocrx_word' id='word_1_308' title='bbox 499 3613 619 3653; x_wconf 78' lang='lat' dir='ltr'>Wendol</span> <span class='ocrx_word' id='word_1_309' title='bbox 890 3601 909 3654; x_wconf 93' lang='lat' dir='ltr'>b</span> 
     </span>
    </p>
   </div>
   <div class='ocr_carea' id='block_1_4' title="bbox 0 0 1224 3870">
    <p class='ocr_par' dir='ltr' id='par_1_7' title="bbox 0 0 1224 3870">
     <span class='ocr_line' id='line_1_40' title="bbox 0 0 1224 3870; baseline 0 0"><span class='ocrx_word' id='word_1_310' title='bbox 0 0 1224 3870; x_wconf 95' lang='lat' dir='ltr'> </span> 
     </span>
    </p>
   </div>
  </div>
 </body>
</html>
