2438 3870
133 142 207 196 XXII
543 143 685 198 Praefatio
703 144 741 197 III
834 125 836 128 ³

132 309 288 386 spexerim,
306 311 469 370 secundum
487 311 628 371 Ahrensii
645 313 694 373 vel
712 314 813 388 potius
832 312 938 371 Adeiti
956 314 1146 373 collationem

132 398 391 476 diligentissimam
411 400 543 459 adhibui.
571 401 701 460 frustula
718 401 825 478 exigua
839 403 1036 461 enarrationis
1051 403 1146 463 Theo-

132 487 241 546 criteae
269 487 308 547 ad
335 489 363 546 V
384 491 521 549 38-49
551 491 733 566 spectantia,
761 510 839 565 quae
866 509 1004 566 papyro
1031 495 1148 551 musei

132 575 381 637 Berolinensis
399 580 482 640 7506
499 571 588 659 (saec.
598 599 627 655 p.
639 579 706 638 (ihr.
716 571 804 658 ilii.)
820 578 857 637 ad
871 599 925 639 nos
939 585 1147 656 pervenerunt,

132 666 269 725 consulto
297 669 428 745 neglexi,
456 687 523 726 cum
545 668 678 727 tironum
703 670 772 727 usui
795 669 945 728 destinata
967 688 1034 728 eum
1057 669 1146 729 docto

132 758 344 815 commentario
363 758 411 816 1111
431 757 543 816 edendo
563 757 639 815 nihil
657 757 788 816 habeant
805 758 940 818 rationis

26 836 120 931 Βξξωιξ
198 843 505 906 commentatores
524 848 660 905 aetatis
679 846 912 921 byzuntinae,
934 847 1146 922 Moschopulus

48 945 109 985 tior·
132 932 281 992 Planudes
300 934 459 994 Tricliuius
478 935 540 1008 alii,
559 937 679 994 omnino
698 938 823 1010 possunt
840 938 1049 1010 praetermitti,
1067 955 1146 1010 cum,

132 1023 265 1081 autlibi
288 1043 335 1081 me
359 1023 630 1082 demonstraturum
654 1043 754 1099 spere,
782 1025 902 1083 scholiis
926 1025 1075 1084 veteribus
1098 1028 1148 1084 usi

53 1112 225 1170 Τ1110111111
216 1114 254 1170 iis
280 1131 357 1188 quae
382 1113 469 1172 hodie
495 1116 613 1172 exstant
600 1113 730 1172 tnihilo
753 1113 933 1173 melioribus.
964 1117 1065 1173 tamen
1088 1115 1146 1172 De-

132 1203 257 1259 metrius
280 1201 480 1260 Triclinius
504 1205 551 1260 tot
577 1202 757 1260 scholiorum
782 1205 916 1262 veterum
938 1203 1018 1262 locos
1042 1222 1077 1261 ex
1101 1203 1146 1260 in-

133 1289 219 1367 genio
239 1291 420 1364 emendavit,
439 1293 551 1350 ateius
569 1293 756 1350 coniecturae
774 1291 855 1350 hand
872 1311 940 1351 raro
959 1293 1146 1367 recipiendae

133 1380 253 1438 fuerint.
286 1379 386 1438 codice
409 1400 479 1439 vero
494 1380 630 1439 Parisino
647 1382 732 1439 2832
749 1373 838 1460 (saec.
853 1375 947 1460 XIV.)
965 1383 1146 1440 recensionis

132 1468 332 1526 Triclinieuae
351 1471 427 1527 teste
445 1471 616 1546 praecipuo,
635 1489 723 1544 quem
741 1469 878 1528 manibus
897 1469 1016 1544 quidem
1035 1472 1145 1528 tracta·

134 1559 235 1632 verim,
254 1557 291 1615 ad
306 1559 429 1617 verbum
444 1562 544 1617 autem
558 1578 617 1618 non
632 1560 817 1632 contulerim,
830 1558 993 1616 secundum
1006 1558 1148 1618 Ahronsii

134 1603 294 1704 editiohem
312 1666 384 1706 usus
403 1666 476 1706 sum.

25 1718 123 1814 ffl’f,
200 1734 275 1794 llum
298 1737 475 1812 interpretes
499 1739 606 1796 aetatis
629 1736 801 1795 recentioris
820 1736 1026 1812 praeterirem,
1053 1756 1148 1794 unum

133 1825 235 1901 excepi
252 1824 434 1884 Anecdoti
453 1827 532 1901 qnod
550 1830 675 1885 vocatur
689 1825 854 1884 Estensis
873 1829 1033 1885 auctorem.
1059 1825 1147 1884 loan-

132 1931 184 1972 nes
202 1913 341 1988 Kayser
364 1916 444 1974 enim
466 1914 527 1988 (De
549 1919 675 1974 11111111
697 1920 759 1974 arte
772 1917 887 1988 1111111
905 1918 1086 1989 quaestiones
1103 1931 1147 1973 se-

133 2003 232 2072 lectae,
253 2004 422 2077 Ἰ1111111111.
436 2004 520 2077 Lips.
537 2007 637 2072 1906,
654 2004 774 2078 543qq.)
798 2006 913 2079 primus
936 2005 1148 2080 prolegomena

133 2093 164 2149 in
189 2092 380 2151 Theocritum
407 2093 521 2168 publici
543 2094 617 2152 iuris
641 2095 712 2152 fecit
735 2094 772 2152 ab
796 2091 906 2152 Ottone
925 2092 1091 2150 Immisch
1114 2092 1148 2149 in

134 2181 196 2241 eod.
211 2181 408 2240 Mutinensi
424 2185 464 2242 93
480 2182 541 2263 (ΠΙ
556 2182 578 2241 G
595 2175 651 2262 14)
666 2201 741 2241 saec.
757 2183 820 2239 XV.
835 2182 959 2240 detecta.
991 2181 1064 2239 haec
1078 2200 1146 2255 pro·

135 2272 291 2347 legomena
308 2272 440 2348 vulgatis
458 2273 554 2330 multo
574 2273 734 2347 ampliora,
754 2290 830 2346 quae
848 2271 977 2329 Ioanni
994 2271 1147 2329 Tzetzae

134 2359 235 2417 deberi
249 2359 390 2436 gravibus
406 2363 588 2437 argumentis
599 2361 713 2435 Kayser
727 2360 923 2433 confirmavit,
936 2361 1037 2417 intres
1046 2361 1148 2432 partes

135 2448 231 2507 divisa
249 2451 333 2522 suut,
354 2468 480 2524 quarum
500 2453 597 2525 prima
616 2451 661 2508 est
680 2449 715 2506 de
734 2467 789 2522 poe
791 2450 830 2506 tis
791 2448 881 2505 tin
899 2447 1085 2518 universum,
1104 2447 1148 2504 al·

134 2540 199 2596 tera
218 2536 254 2594 de
272 2493 369 2613 poetis
389 2539 569 2611 dramatieis,
588 2540 679 2596 teriia
698 2537 733 2593 de
748 2535 843 2610 poetis
857 2534 1008 2593 bucolicis.
1040 2552 1074 2592 ac
1088 2538 1147 2592 ter·

134 2629 208 2688 tiam
231 2627 325 2685 libelli
346 2629 475 2703 partem,
500 2647 592 2702 quam
610 2627 705 2684 solam
724 2643 791 2682 cum
810 2624 940 2698 antiquis
958 2624 990 2680 in
1009 2623 1147 2682 Theocri-

135 2719 199 2774 tum
213 2716 430 2793 prolegomenis
445 2734 606 2774 connexam
621 2733 684 2772 esse
698 2715 791 2788 patet,
805 2731 865 2771 non
874 2713 941 2771 ideo
949 2712 1149 2772 recudendam

135 2804 245 2879 curavi,
265 2805 345 2880 quod
363 2824 471 2864 novam
491 2808 520 2862 et
534 2804 571 2862 iis
586 2823 662 2878 quae
677 2803 772 2861 adhuc
787 2801 981 2860 innotuerant
994 2802 1148 2861 meliorem

134 2893 334 2952 recensionem
349 2913 385 2951 ea
399 2896 548 2952 servatam
563 2911 624 2950 esse
638 2895 695 2967 put
696 2911 786 2966 arem,
805 2891 856 2949 sed
869 2895 904 2950 ut
919 2891 1149 2950 commentarius

134 2983 200 3040 loeo
227 2981 424 3042 reconditiora
453 2983 549 3040 editus
578 2982 697 3040 facilius
725 2981 834 3056 inspici
858 2983 967 3056 posset.
1009 2981 1148 3039 Tzetiam

135 3071 214 3136 enim
231 3073 403 3130 recensione
421 3072 697 3148 prolegomeuorum
712 3071 862 3129 Vaticana
878 3088 967 3128 usum
986 3087 1035 3128 eas
1053 3070 1148 3144 parti·

135 3161 226 3232 culae,
245 3160 352 3234 quibus
371 3161 498 3219 lineolae
516 3163 548 3218 in
567 3162 701 3238 margine
720 3161 874 3236 appositae
893 3161 973 3231 sunt,
991 3159 1097 3217 alienis
1112 3157 1150 3219 de

135 3249 267 3308 fontibus
291 3249 432 3308 adiecisse
455 3250 591 3326 pluribus
614 3250 712 3309 verbis
736 3249 810 3308 alibi
828 3247 1045 3308 demonstrabo.
1076 3247 1149 3306 ulti·

135 3358 200 3398 mas
223 3340 430 3398 commentarii
452 3343 553 3415 partes
577 3333 611 3419 (9
632 3342 662 3397 et
683 3337 750 3416 10),
775 3358 851 3413 quae
874 3355 952 3395 nunc
969 3338 1099 3412 primum
1117 3336 1150 3394 in

54 3471 57 3476 .
134 3429 231 3488 lucem
257 3429 418 3504 prodeunt,
445 3429 613 3488 Immiseh
637 3432 666 3487 et
686 3427 876 3488 Oosentini
904 3426 961 3484 viri
984 3425 1152 3486 doctissimi

135 3518 300 3577 liberaliter
319 3539 433 3579 mecum
451 3521 717 3578 communicarunt.
