2438 3870
129 153 151 217 2
463 154 665 222 prolegomena
683 153 824 208 Ab-Ba

33 314 124 376 etbvr
200 321 229 380 b.
249 319 353 399 ἰστέον,
368 320 412 381 ὅτι
426 318 442 381 ό
455 319 610 400 Θεόκριτος
624 317 735 401 ἐγένετο
751 320 902 400 ἰσόχρονος
916 328 968 380 τοῦ
978 342 1007 381 τε
1018 311 1146 400 Ἀράτου

131 417 181 478 καί
203 427 256 479 τοῦ
275 417 463 496 Καλλιμάχου
486 415 607 479 καὶτοῦ
627 418 815 499 Νικάνδρου·
840 415 951 499 ἐγένετο
970 415 1002 478 δὲ
1021 415 1147 478 ἐπὶτῶν

130 514 245 595 χρόνων
264 515 450 594 Πτολεμαίου
468 523 522 576 τοῦ
544 514 741 594 Φιλαδέλφου.

27 659 142 721 nebu
368 668 403 728 B.
422 667 576 748 Εύρεσις
594 677 662 728 τῶν
680 669 904 747 βουκολικῶν

200 794 225 832 ο.
252 771 294 832 Τά
321 774 483 853 βουκολικά
508 792 601 852 φασιν
626 773 662 834 έν
686 775 959 857 Λακεδαιμονίᾳ
984 771 1148 854 εὑρεθῆναι
1176 795 1189 835 ε

132 869 182 931 καί
200 881 343 953 περισσῶς
361 881 515 952 προκοπῆς
533 878 638 952 τυχεῖν.
669 882 728 933 τῶν
742 872 798 954 γάρ
813 876 968 952 Περσικῶν
982 870 1147 932 ἐνεστώτων

133 967 174 1029 ἔτι
195 967 245 1029 καὶ
268 968 354 1054 φόβῳ
378 981 476 1030 πᾶσαν
499 970 554 1049 τῆν
569 963 695 1030 Ἑλλάδα
718 970 923 1050 ταρασσόντων
942 967 1042 1048 ένέστη
1060 969 1147 1050 ἑορτὴ

131 1060 297 1148 Ἀρτίμιδος
319 1067 515 1147 Καρυάτιδος.
552 1078 610 1128 τῶν
640 1065 671 1128 δὲ
694 1067 855 1149 παρθένων
879 1065 1148 1147 άποκεκρνμμένων

134 1163 184 1225 διά
206 1164 261 1243 τῆν
284 1163 316 1225 έκ
338 1174 391 1226 τοῦ
414 1164 544 1244 πολέμου
567 1166 696 1246 ταραχὴν
720 1165 856 1247 άγροῖκοί
872 1188 949 1238 τινες
967 1164 1148 1238 εἰσελθόντες

133 1262 176 1336 εἰς
193 1262 225 1324 τὸ
244 1262 324 1344 ἱερὸν
343 1263 432 1336 ἰδίαις
453 1258 542 1348 ᾠδαῖς
559 1263 614 1341 τῆν
629 1261 766 1344 ’Ἀρτεμιν
784 1264 934 1343 ύμνησαν·
959 1273 1011 1343 τῆς
1029 1261 1061 1324 δὲ
1079 1263 1147 1323 τού·
1164 1285 1191 1323 ιο

134 1383 193 1421 των
216 1359 302 1439 ξένης
325 1360 439 1440 μούσης
461 1359 584 1443 ἀρεστῆς
605 1360 766 1442 γενομένης
785 1361 939 1442 παρέμεινε
957 1360 989 1423 τὸ
1008 1359 1080 1434 ἔθος
1098 1358 1148 1420 καί

135 1456 299 1538 ἐφυλάχθη.

201 1554 283 1617 άλλοι
306 1554 338 1618 δὲ
360 1555 397 1617 έν
422 1557 620 1639 Τυνδαρίδι
642 1567 695 1637 τῆς
718 1559 855 1632 Σικελίας
879 1567 997 1639 πρῶτον
1017 1555 1150 1636 ἀχθῆναι

136 1652 251 1735 λέγουσι
265 1654 300 1714 τά
313 1655 482 1734 βουκολικά.
508 1649 625 1741 Ὀρέστῃ
639 1654 695 1736 γδιρ
710 1654 891 1735 ἰκκομίζοντι
904 1651 979 1735 <τὸ>
990 1664 1043 1734 τῆς
1054 1649 1150 1736 Ἀρτέ-

136 1752 221 1830 μιδος
243 1751 351 1824 ξόανον
373 1750 405 1812 εἰι
430 1754 555 1833 Ταύρων
577 1763 630 1833 τῆς
650 1754 789 1826 Σκυθίας
812 1753 940 1833 χρησμὸς
962 1749 1094 1826 ἐξέπεσεν
1116 1750 1151 1812 έν
1166 1774 1193 1812 ιε

136 1847 208 1910 ἕπτδι
233 1855 375 1928 ποταμοῖς
398 1849 431 1911 έκ
456 1861 524 1928 μιᾶς
548 1861 646 1931 πηγῆς
669 1849 788 1932 ρ’έουσιν
811 1850 1049 1912 ἀπολαύσασθαι·
1077 1846 1093 1910 ὃ
1118 1847 1151 1911 δὲ

136 1946 295 2028 πορευθείς
313 1948 354 2020 εἰς
368 1943 486 2028 Ῥήγιον
505 1957 557 2027 τῆς
573 1942 695 2020 Ἰταλίας
715 1947 746 2009 τὸ
765 1947 836 2029 άγος
855 1947 1020 2026 ἀπενίψατο
1038 1947 1071 2008 έν
1089 1953 1152 2020 τοῖς

137 2043 304 2126 λεγομένοις
330 2047 498 2127 διαχωρίοις
522 2052 673 2125 ποταμοῖς.
712 2045 810 2107 ἔπειτα
835 2047 877 2118 εἰς
904 2045 1074 2126 Τυνδαρίδα
1098 2055 1152 2125 τῆς

137 2144 275 2215 Σικελίας
298 2144 435 2223 διῆλθεν·
460 2145 492 2205 οί
513 2141 544 2204 δὲ
568 2142 716 2226 ἐπιχώριοι
734 2144 789 2223 τὴν
807 2144 881 2205 θεὸν
901 2144 988 2216 ἰδίοις
1007 2142 1154 2221 ποιήμασι

137 2241 384 2319 καθυμνήσαντες
403 2241 467 2301 ἔθει
485 2241 540 2320 τῆν
558 2242 678 2322 πρώτην
697 2240 865 2323 παρέδοσαν
883 2242 1005 2322 εύρεσιν.
1168 2263 1196 2302 ιο

206 2335 221 2398 ὁ
236 2335 267 2397 δὲ
281 2336 399 2416 ἀληθὴς
409 2337 495 2419 λόγος
504 2333 599 2412 οὗτος.
618 2339 655 2400 ἰν
669 2345 746 2412 ταῖς
759 2340 1012 2422 Συρακούσαις
1026 2339 1155 2412 στάσεώς

138 2456 207 2494 ποτε
225 2433 385 2516 γενομένης
404 2434 454 2496 καί
472 2440 589 2496 πολλῶν
602 2442 730 2498 πολιτῶν
745 2435 934 2518 φθαρέντων,
953 2436 995 2510 εἰς
1011 2434 1155 2515 ὁμόνοιαν

138 2542 191 2594 τοῦ
214 2532 352 2610 πλήθους
376 2528 459 2613 [ποτὲ
477 2529 535 2614 εἰσ]
545 2533 686 2608 ἐλθόντος
710 2533 809 2606 ἔδοξεν
821 2531 955 2615 ’Ἁρτεμις
973 2533 1051 2595 αἰτία
1069 2555 1155 2615 γεγο-

139 2627 222 2690 νέναι
244 2639 297 2707 τῆς
319 2631 486 2709 διαλλαγῆς.
520 2653 548 2691 οι
541 2629 635 2692 δὲ’
619 2654 752 2711 αγροικοι
771 2632 852 2710 δῶρα
869 2631 1011 2710 ἐκόμισαν
1029 2629 1156 2710 καλιὴν

144 2755 151 2771 ’
211 2752 293 2801 ικαὶ
316 2751 382 2802 ante
404 2757 454 2802 τοῦ
478 2753 562 2803 Καλλ.
586 2767 639 2804 om.
660 2751 747 2803 GEbP
801 2751 846 2820 ἐγέ
847 2770 929 2805 νοντο
949 2747 980 2803 δέ
999 2745 1077 2805 οὗτοι
1094 2754 1119 2801 G

140 2827 307 2886 σπερισσῶς
325 2837 378 2873 om.
393 2827 417 2872 Κ
519 2830 534 2873 8
555 2829 612 2876 τῶν
631 2819 743 2876 παίδων
761 2825 826 2890 post
843 2819 998 2889 παρθένων
1016 2819 1080 2874 add.
1090 2826 1120 2872 Κ

140 2900 169 2942 1⁰
186 2891 293 2944 τούτων
306 2907 358 2944 οιιι.
374 2898 398 2943 Κ
468 2902 495 2944 11
513 2893 629 2982 ἀρεστῆς
642 2893 750 2947 Reiske
762 2896 790 2947 et
806 2893 1021 2959 Hemsterhuys:
1033 2887 1157 2980 ἀρίστης

142 2961 222 3015 codd.
281 2955 354 3030 ἦθος
376 2967 427 3014 KG
524 2973 553 3016 1⁸
572 2961 697 3039 άσθῆναι
716 2963 849 3018 Sohaefer
945 2972 973 3014 14
1014 2958 1068 3033 τδ>
1087 2961 1156 3018 add.

141 3018 606 3123 Δρομ.Κιιι1ι.ιιΣιιιελίαςΦ
677 3045 705 3088 18
720 3037 769 3089 δια
768 3032 992 3105 χ.ωρίοιςΑιιεοδ
1028 3035 1075 3087 εἰς
1091 3035 1157 3088 δια·

141 3105 242 3184 χάροις
259 3108 346 3157 m.
367 3102 516 3173 διαφόροις
533 3106 597 3158 ΕλΔ
616 3123 764 3176 superacta
768 3056 955 3174 χδρυοφόροις
968 3110 991 3157 G
1060 3114 1158 3159 1⁹01-

143 3174 244 3228 cidisse
262 3178 331 3243 puto
345 3178 411 3243 post
424 3178 551 3245 διῆλθεν,
570 3178 645 3245 quod
659 3177 770 3232 Orestes
784 3176 893 3230 Dianae
907 3174 1069 3230 Facelitidis
1083 3177 1158 3231 tem-

142 3245 222 3314 plum
240 3246 379 3312 condidit3
403 3247 438 3300 of
452 3247 572 3316 Vergilii
589 3248 757 3317 interpretes
814 3248 887 3302 θεὸν
904 3246 1033 3302 1282&ae
1051 3248 1118 3301 cett.

143 3328 169 3369 ει
196 3326 258 3380 ταῖς
280 3317 477 3384 Συρακούσαις
500 3323 529 3385 G,
553 3321 716 3388 apographa
739 3319 842 3372 codicis
865 3325 901 3384 Κ,
924 3317 1157 3376 cf.Aneod.1·}st..

142 3397 201 3451 τοῖς
218 3386 424 3456 Συρακουσίοις
441 3396 465 3441 Κ
487 3405 583 3458 roser,
607 3393 672 3445 cett
750 3400 780 3442 ιι
798 3390 852 3445 dol.
866 3389 1069 3457 Wilamowitz‚
1087 3406 1159 3447 ποτε
1210 3437 1214 3444 .

142 3467 192 3514 τοῦ
206 3462 249 3515 πλ.
260 3457 398 3523 ἐλθόντος
412 3465 434 3512 G
488 3431 586 3516 λοιπὸν
600 3463 664 3530 pont
677 3461 805 3531 πλήθους
818 3461 882 3515 add.
898 3462 986 3514 Em
1059 3470 1090 3513 24
1109 3478 1160 3516 ox·

144 3530 272 3584 ciderunt
290 3531 387 3600 aliqua
405 3534 469 3601 post
489 3533 647 3603 διαλλαγῆς,
664 3551 691 3588 v
707 3533 829 3588 Probum
848 3550 881 3588 οο
900 3532 1063 3587 Diomedem
