<?xml version="1.0" encoding="UTF-8"?>
<!DOCTYPE html PUBLIC "-//W3C//DTD XHTML 1.0 Transitional//EN"
    "http://www.w3.org/TR/xhtml1/DTD/xhtml1-transitional.dtd">
<html xmlns="http://www.w3.org/1999/xhtml" xml:lang="en" lang="en">
 <head>
  <title>
</title>
<meta http-equiv="Content-Type" content="text/html;charset=utf-8" />
  <meta name='ocr-system' content='tesseract 3.04.00' />
  <meta name='ocr-capabilities' content='ocr_page ocr_carea ocr_par ocr_line ocrx_word'/>
</head>
<body>
  <div class='ocr_page' id='page_1' title='image "./scholiaintheocr00wendgoog_0181.png"; bbox 0 0 2446 3870; ppageno 0'>
   <div class='ocr_carea' id='block_1_1' title="bbox 431 145 1098 210">
    <p class='ocr_par' dir='ltr' id='par_1_1' title="bbox 431 145 1098 210">
     <span class='ocr_line' id='line_1_1' title="bbox 431 145 1098 210; baseline -0.006 -6"><span class='ocrx_word' id='word_1_1' title='bbox 431 149 543 204; x_wconf 76' lang='lat' dir='ltr'>Scholia</span> <span class='ocrx_word' id='word_1_2' title='bbox 560 148 599 203; x_wconf 86' lang='lat' dir='ltr'>IV</span> <span class='ocrx_word' id='word_1_3' title='bbox 615 148 751 202; x_wconf 70' lang='lat' dir='ltr'>tb-loc</span> <span class='ocrx_word' id='word_1_4' title='bbox 1036 145 1098 210; x_wconf 73' lang='grc'>137</span> 
     </span>
    </p>
   </div>
   <div class='ocr_carea' id='block_1_2' title="bbox 84 313 1207 692">
    <p class='ocr_par' dir='ltr' id='par_1_2' title="bbox 84 313 1207 494">
     <span class='ocr_line' id='line_1_2' title="bbox 150 313 1207 396; baseline -0.005 -17"><span class='ocrx_word' id='word_1_5' title='bbox 150 322 179 382; x_wconf 84' lang='lat' dir='ltr'>b.</span> <span class='ocrx_word' id='word_1_6' title='bbox 204 317 280 391; x_wconf 81' lang='grc' dir='ltr'><strong><em>τινὲς</em></strong></span> <span class='ocrx_word' id='word_1_7' title='bbox 300 317 422 379; x_wconf 78' lang='grc' dir='ltr'><strong><em>ἐλαιὸν</em></strong></span> <span class='ocrx_word' id='word_1_8' title='bbox 441 314 588 391; x_wconf 84' lang='grc' dir='ltr'><strong><em>ὀξυτόνως</em></strong></span> <span class='ocrx_word' id='word_1_9' title='bbox 606 316 791 396; x_wconf 78' lang='grc' dir='ltr'><strong><em>ἐκδεχόμενοι</em></strong></span> <span class='ocrx_word' id='word_1_10' title='bbox 809 316 860 378; x_wconf 89' lang='grc' dir='ltr'>τὸν</span> <span class='ocrx_word' id='word_1_11' title='bbox 882 315 911 389; x_wconf 79' lang='grc' dir='ltr'>ἐξ</span> <span class='ocrx_word' id='word_1_12' title='bbox 931 313 1207 395; x_wconf 60' lang='lat' dir='ltr'>&amp;paterclanum</span> 
     </span>
     <span class='ocr_line' id='line_1_3' title="bbox 84 416 494 494; baseline -0.005 -16"><span class='ocrx_word' id='word_1_13' title='bbox 84 416 232 494; x_wconf 79' lang='grc' dir='ltr'><strong><em>στέφανον</em></strong></span> <span class='ocrx_word' id='word_1_14' title='bbox 252 417 346 488; x_wconf 54' lang='lat' dir='ltr'>otius</span> <span class='ocrx_word' id='word_1_15' title='bbox 364 420 494 477; x_wconf 82' lang='grc' dir='ltr'><strong><em>καλοῦσι.</em></strong></span> 
     </span>
    </p>

    <p class='ocr_par' dir='ltr' id='par_1_3' title="bbox 86 501 1144 692">
     <span class='ocr_line' id='line_1_4' title="bbox 152 501 1144 599; baseline -0.003 -24"><span class='ocrx_word' id='word_1_16' title='bbox 152 536 175 576; x_wconf 89' lang='lat' dir='ltr'>c.</span> <span class='ocrx_word' id='word_1_17' title='bbox 200 515 320 575; x_wconf 75' lang='grc' dir='ltr'><strong><em>ἔλαιον</em></strong></span> <span class='ocrx_word' id='word_1_18' title='bbox 338 513 375 574; x_wconf 82' lang='grc' dir='ltr'>ἕν</span> <span class='ocrx_word' id='word_1_19' title='bbox 393 511 654 592; x_wconf 75' lang='grc' dir='ltr'><strong><em>ὀφθαλμοῖσιντ</em></strong></span> <span class='ocrx_word' id='word_1_20' title='bbox 677 511 785 591; x_wconf 74' lang='grc' dir='ltr'><strong><em>ἔλαιον,</em></strong></span> <span class='ocrx_word' id='word_1_21' title='bbox 805 507 865 594; x_wconf 79' lang='grc' dir='ltr'>[ἕν]</span> <span class='ocrx_word' id='word_1_22' title='bbox 889 501 912 599; x_wconf 78' lang='grc' dir='ltr'>ᾧ</span> <span class='ocrx_word' id='word_1_23' title='bbox 939 513 970 574; x_wconf 88' lang='grc' dir='ltr'>οί</span> <span class='ocrx_word' id='word_1_24' title='bbox 990 511 1144 594; x_wconf 67' lang='lat' dir='ltr'>tyana-rt</span> 
     </span>
     <span class='ocr_line' id='line_1_5' title="bbox 86 609 1100 692; baseline -0.004 -18"><span class='ocrx_word' id='word_1_25' title='bbox 86 614 201 691; x_wconf 83' lang='grc' dir='ltr'><strong><em>ζόμευοι</em></strong></span> <span class='ocrx_word' id='word_1_26' title='bbox 219 611 398 690; x_wconf 79' lang='grc' dir='ltr'><strong><em>ἀλείφονται.</em></strong></span> <span class='ocrx_word' id='word_1_27' title='bbox 431 609 451 691; x_wconf 69' lang='grc' dir='ltr'><strong>ἢ</strong></span> <span class='ocrx_word' id='word_1_28' title='bbox 470 611 591 673; x_wconf 75' lang='grc' dir='ltr'><strong><em>ἔλαιόν</em></strong></span> <span class='ocrx_word' id='word_1_29' title='bbox 609 609 641 671; x_wconf 88' lang='grc' dir='ltr'>τὸ</span> <span class='ocrx_word' id='word_1_30' title='bbox 660 609 841 692; x_wconf 80' lang='grc' dir='ltr'><strong><em>ἀγριέλαιον,</em></strong></span> <span class='ocrx_word' id='word_1_31' title='bbox 860 610 877 671; x_wconf 80' lang='grc' dir='ltr'>ὅ</span> <span class='ocrx_word' id='word_1_32' title='bbox 895 609 954 671; x_wconf 78' lang='grc' dir='ltr'><strong><em>ἐστι</em></strong></span> <span class='ocrx_word' id='word_1_33' title='bbox 971 611 1100 687; x_wconf 83' lang='grc' dir='ltr'><strong><em>κότινον,</em></strong></span> 
     </span>
    </p>
   </div>
   <div class='ocr_carea' id='block_1_3' title="bbox 41 711 1208 1966">
    <p class='ocr_par' dir='ltr' id='par_1_4' title="bbox 41 711 1208 1966">
     <span class='ocr_line' id='line_1_6' title="bbox 57 711 592 793; baseline -0.007 -21"><span class='ocrx_word' id='word_1_34' title='bbox 57 711 109 793; x_wconf 71' lang='lat'>593</span> <span class='ocrx_word' id='word_1_35' title='bbox 129 713 159 772; x_wconf 84' lang='grc' dir='ltr'>οἱ</span> <span class='ocrx_word' id='word_1_36' title='bbox 175 711 349 790; x_wconf 79' lang='grc' dir='ltr'><strong><em>νικήσαντες</em></strong></span> <span class='ocrx_word' id='word_1_37' title='bbox 368 719 592 787; x_wconf 83' lang='grc' dir='ltr'><strong><em>στεφανοῦνται.</em></strong></span> 
     </span>
     <span class='ocr_line' id='line_1_7' title="bbox 154 805 1207 891; baseline -0.004 -23"><span class='ocrx_word' id='word_1_38' title='bbox 154 813 181 870; x_wconf 89' lang='grc'>8.</span> <span class='ocrx_word' id='word_1_39' title='bbox 205 809 333 891; x_wconf 81' lang='grc' dir='ltr'><strong><em>κάρτος</em></strong></span> <span class='ocrx_word' id='word_1_40' title='bbox 357 808 510 890; x_wconf 75' lang='grc' dir='ltr'><strong><em>ἕρίσδενε</em></strong></span> <span class='ocrx_word' id='word_1_41' title='bbox 533 807 675 888; x_wconf 86' lang='grc' dir='ltr'><strong><em>γράφεται</em></strong></span> <span class='ocrx_word' id='word_1_42' title='bbox 693 805 834 885; x_wconf 82' lang='grc' dir='ltr'><strong><em>κάλλος,</em></strong></span> <span class='ocrx_word' id='word_1_43' title='bbox 852 805 902 867; x_wconf 81' lang='grc' dir='ltr'>καὶ</span> <span class='ocrx_word' id='word_1_44' title='bbox 920 806 980 867; x_wconf 76' lang='grc' dir='ltr'><strong><em>ἔστι</em></strong></span> <span class='ocrx_word' id='word_1_45' title='bbox 998 806 1067 867; x_wconf 83' lang='grc' dir='ltr'><strong><em>κάλ·</em></strong></span> <span class='ocrx_word' id='word_1_46' title='bbox 1087 819 1207 866; x_wconf 73' lang='lat' dir='ltr'>taum</span> 
     </span>
     <span class='ocr_line' id='line_1_8' title="bbox 85 901 948 990; baseline -0.002 -23"><span class='ocrx_word' id='word_1_47' title='bbox 85 913 159 986; x_wconf 83' lang='grc' dir='ltr'><strong><em>λιον,</em></strong></span> <span class='ocrx_word' id='word_1_48' title='bbox 178 907 228 967; x_wconf 80' lang='grc' dir='ltr'>ἵνα</span> <span class='ocrx_word' id='word_1_49' title='bbox 247 907 287 985; x_wconf 80' lang='grc' dir='ltr'>μὴ</span> <span class='ocrx_word' id='word_1_50' title='bbox 307 906 497 990; x_wconf 75' lang='grc' dir='ltr'><strong><em>διττολογήσγ</em></strong></span> <span class='ocrx_word' id='word_1_51' title='bbox 517 905 600 984; x_wconf 71' lang='grc' dir='ltr'><strong><em>βίον</em></strong></span> <span class='ocrx_word' id='word_1_52' title='bbox 623 903 682 964; x_wconf 79' lang='grc' dir='ltr'>καί</span> <span class='ocrx_word' id='word_1_53' title='bbox 700 903 829 983; x_wconf 79' lang='grc' dir='ltr'><strong><em>κάρτος</em></strong></span> <span class='ocrx_word' id='word_1_54' title='bbox 847 901 948 984; x_wconf 72' lang='grc' dir='ltr'><strong><em>λέγων.</em></strong></span> 
     </span>
     <span class='ocr_line' id='line_1_9' title="bbox 154 999 1127 1084; baseline -0.006 -18"><span class='ocrx_word' id='word_1_55' title='bbox 154 1009 182 1066; x_wconf 86' lang='grc'>9.</span> <span class='ocrx_word' id='word_1_56' title='bbox 205 999 311 1082; x_wconf 72' lang='grc' dir='ltr'><strong><em>ἔφαθ’</em></strong></span> <span class='ocrx_word' id='word_1_57' title='bbox 342 1003 360 1064; x_wconf 84' lang='grc' dir='ltr'><strong><em>ά</em></strong></span> <span class='ocrx_word' id='word_1_58' title='bbox 386 1005 511 1084; x_wconf 77' lang='grc' dir='ltr'><strong><em>μάτηρε</em></strong></span> <span class='ocrx_word' id='word_1_59' title='bbox 539 1011 625 1063; x_wconf 85' lang='grc' dir='ltr'><strong><em>τοῦτο</em></strong></span> <span class='ocrx_word' id='word_1_60' title='bbox 648 999 830 1080; x_wconf 85' lang='grc' dir='ltr'><strong><em>ἀμφίβολον·</em></strong></span> <span class='ocrx_word' id='word_1_61' title='bbox 858 999 959 1081; x_wconf 73' lang='grc' dir='ltr'><strong><em>ἢτὸν,</em></strong></span> <span class='ocrx_word' id='word_1_62' title='bbox 978 1003 1127 1083; x_wconf 83' lang='grc' dir='ltr'><strong><em>Α’ίγωνακ</em></strong></span> 
     </span>
     <span class='ocr_line' id='line_1_10' title="bbox 85 1094 823 1182; baseline -0.007 -18"><span class='ocrx_word' id='word_1_63' title='bbox 85 1104 144 1182; x_wconf 72' lang='grc' dir='ltr'>ἔφη</span> <span class='ocrx_word' id='word_1_64' title='bbox 163 1104 312 1182; x_wconf 83' lang='grc' dir='ltr'><strong><em>κρείττονα</em></strong></span> <span class='ocrx_word' id='word_1_65' title='bbox 330 1096 406 1162; x_wconf 80' lang='grc' dir='ltr'><strong><em>εἶναι</em></strong></span> <span class='ocrx_word' id='word_1_66' title='bbox 424 1111 477 1162; x_wconf 84' lang='grc' dir='ltr'>τοῦ</span> <span class='ocrx_word' id='word_1_67' title='bbox 496 1094 709 1171; x_wconf 78' lang='grc' dir='ltr'><strong><em>Πολυδεύκους</em></strong></span> <span class='ocrx_word' id='word_1_68' title='bbox 726 1095 746 1177; x_wconf 69' lang='grc' dir='ltr'><strong>ἢ</strong></span> <span class='ocrx_word' id='word_1_69' title='bbox 765 1097 823 1176; x_wconf 86' lang='grc' dir='ltr'><strong><em>ἐμε.</em></strong></span> 
     </span>
     <span class='ocr_line' id='line_1_11' title="bbox 41 1194 1207 1279; baseline -0.006 -18"><span class='ocrx_word' id='word_1_70' title='bbox 41 1237 71 1278; x_wconf 65' lang='lat'>20</span> <span class='ocrx_word' id='word_1_71' title='bbox 154 1205 229 1262; x_wconf 77' lang='lat' dir='ltr'>roa.</span> <span class='ocrx_word' id='word_1_72' title='bbox 254 1199 451 1260; x_wconf 73' lang='grc' dir='ltr'><strong><em>σκαπάνανε</em></strong></span> <span class='ocrx_word' id='word_1_73' title='bbox 476 1199 609 1258; x_wconf 79' lang='grc' dir='ltr'><strong><em>δίκελλαν</em></strong></span> <span class='ocrx_word' id='word_1_74' title='bbox 627 1195 647 1277; x_wconf 71' lang='grc' dir='ltr'><strong>ἢ</strong></span> <span class='ocrx_word' id='word_1_75' title='bbox 666 1194 759 1275; x_wconf 78' lang='grc' dir='ltr'><strong><em>άμην</em></strong></span> <span class='ocrx_word' id='word_1_76' title='bbox 780 1197 812 1257; x_wconf 82' lang='grc' dir='ltr'>οἷ</span> <span class='ocrx_word' id='word_1_77' title='bbox 826 1195 882 1279; x_wconf 82' lang='grc' dir='ltr'>γὰρ</span> <span class='ocrx_word' id='word_1_78' title='bbox 900 1197 1064 1278; x_wconf 82' lang='grc' dir='ltr'><strong><em>γυμνασταί</em></strong></span> <span class='ocrx_word' id='word_1_79' title='bbox 1088 1211 1207 1256; x_wconf 71' lang='lat' dir='ltr'>tuum</span> 
     </span>
     <span class='ocr_line' id='line_1_12' title="bbox 86 1293 1101 1380; baseline 0 -22"><span class='ocrx_word' id='word_1_80' title='bbox 86 1300 200 1370; x_wconf 86' lang='grc' dir='ltr'><strong><em>τούτοις</em></strong></span> <span class='ocrx_word' id='word_1_81' title='bbox 220 1295 345 1377; x_wconf 80' lang='grc' dir='ltr'><strong><em>ἐχρῶντο</em></strong></span> <span class='ocrx_word' id='word_1_82' title='bbox 363 1293 438 1377; x_wconf 74' lang='grc' dir='ltr'>ὑπὲρ</span> <span class='ocrx_word' id='word_1_83' title='bbox 455 1296 630 1376; x_wconf 82' lang='grc' dir='ltr'><strong><em>γυμνασίας,</em></strong></span> <span class='ocrx_word' id='word_1_84' title='bbox 648 1305 683 1377; x_wconf 74' lang='grc' dir='ltr'>τῇ</span> <span class='ocrx_word' id='word_1_85' title='bbox 702 1295 839 1380; x_wconf 79' lang='grc' dir='ltr'><strong><em>σκατιάνῃ</em></strong></span> <span class='ocrx_word' id='word_1_86' title='bbox 858 1296 1035 1368; x_wconf 80' lang='grc' dir='ltr'><strong><em>σκάπτοντες</em></strong></span> <span class='ocrx_word' id='word_1_87' title='bbox 1050 1296 1101 1358; x_wconf 82' lang='grc' dir='ltr'>καί</span> 
     </span>
     <span class='ocr_line' id='line_1_13' title="bbox 86 1388 1014 1475; baseline -0.002 -19"><span class='ocrx_word' id='word_1_88' title='bbox 86 1396 120 1456; x_wconf 81' lang='grc' dir='ltr'>τὰ</span> <span class='ocrx_word' id='word_1_89' title='bbox 139 1394 202 1456; x_wconf 88' lang='grc' dir='ltr'>άνω</span> <span class='ocrx_word' id='word_1_90' title='bbox 222 1393 295 1474; x_wconf 79' lang='grc' dir='ltr'><strong><em>μέρη</em></strong></span> <span class='ocrx_word' id='word_1_91' title='bbox 314 1402 366 1454; x_wconf 80' lang='grc' dir='ltr'>τοῦ</span> <span class='ocrx_word' id='word_1_92' title='bbox 386 1394 519 1472; x_wconf 84' lang='grc' dir='ltr'><strong><em>σώματος</em></strong></span> <span class='ocrx_word' id='word_1_93' title='bbox 537 1392 781 1475; x_wconf 83' lang='grc' dir='ltr'><strong><em>άναρριονυάντες</em></strong></span> <span class='ocrx_word' id='word_1_94' title='bbox 801 1388 846 1474; x_wconf 74' lang='lat' dir='ltr'>[ot</span> <span class='ocrx_word' id='word_1_95' title='bbox 862 1390 1014 1475; x_wconf 62' lang='grc' dir='ltr'><strong><em>ἀθληταί]</em></strong></span> 
     </span>
     <span class='ocr_line' id='line_1_14' title="bbox 152 1485 1145 1575; baseline 0.004 -23"><span class='ocrx_word' id='word_1_96' title='bbox 152 1495 180 1552; x_wconf 90' lang='lat' dir='ltr'>b.</span> <span class='ocrx_word' id='word_1_97' title='bbox 204 1485 320 1575; x_wconf 67' lang='lat' dir='ltr'>agiixar’</span> <span class='ocrx_word' id='word_1_98' title='bbox 347 1491 433 1571; x_wconf 75' lang='grc' dir='ltr'><strong><em>ἔχων</em></strong></span> <span class='ocrx_word' id='word_1_99' title='bbox 456 1492 657 1552; x_wconf 74' lang='grc' dir='ltr'><strong><em>σκαττάνανε</em></strong></span> <span class='ocrx_word' id='word_1_100' title='bbox 681 1491 818 1570; x_wconf 78' lang='grc' dir='ltr'><strong><em>σκαπάνη</em></strong></span> <span class='ocrx_word' id='word_1_101' title='bbox 843 1491 901 1552; x_wconf 75' lang='grc' dir='ltr'><strong><em>ἐστὶ</em></strong></span> <span class='ocrx_word' id='word_1_102' title='bbox 920 1493 1064 1572; x_wconf 84' lang='grc' dir='ltr'><strong><em>σκαφίον,</em></strong></span> <span class='ocrx_word' id='word_1_103' title='bbox 1082 1489 1145 1556; x_wconf 69' lang='lat' dir='ltr'>‘det</span> 
     </span>
     <span class='ocr_line' id='line_1_15' title="bbox 87 1585 1104 1675; baseline 0.001 -24"><span class='ocrx_word' id='word_1_104' title='bbox 87 1593 118 1652; x_wconf 75' lang='grc' dir='ltr'>οἱ</span> <span class='ocrx_word' id='word_1_105' title='bbox 138 1585 259 1651; x_wconf 83' lang='grc' dir='ltr'><strong><em>Ἀττικολ</em></strong></span> <span class='ocrx_word' id='word_1_106' title='bbox 287 1587 367 1669; x_wconf 81' lang='grc' dir='ltr'><strong><em>άμην</em></strong></span> <span class='ocrx_word' id='word_1_107' title='bbox 394 1588 519 1671; x_wconf 78' lang='grc' dir='ltr'><strong><em>λέγουσι.</em></strong></span> <span class='ocrx_word' id='word_1_108' title='bbox 556 1599 683 1670; x_wconf 83' lang='grc' dir='ltr'><strong><em>χρῶνται</em></strong></span> <span class='ocrx_word' id='word_1_109' title='bbox 710 1586 742 1649; x_wconf 80' lang='grc' dir='ltr'>δὲ</span> <span class='ocrx_word' id='word_1_110' title='bbox 765 1588 844 1675; x_wconf 80' lang='grc' dir='ltr'><strong><em>αὐτῷ</em></strong></span> <span class='ocrx_word' id='word_1_111' title='bbox 865 1587 974 1663; x_wconf 77' lang='grc' dir='ltr'><strong><em>πάντες</em></strong></span> <span class='ocrx_word' id='word_1_112' title='bbox 1000 1588 1053 1669; x_wconf 78' lang='grc' dir='ltr'>μὲν</span> <span class='ocrx_word' id='word_1_113' title='bbox 1073 1591 1104 1652; x_wconf 82' lang='grc' dir='ltr'>οἱ</span> 
     </span>
     <span class='ocr_line' id='line_1_16' title="bbox 44 1685 599 1768; baseline -0.005 -19"><span class='ocrx_word' id='word_1_114' title='bbox 44 1724 71 1764; x_wconf 74' lang='lat'>1⁶</span> <span class='ocrx_word' id='word_1_115' title='bbox 86 1688 224 1768; x_wconf 80' lang='grc' dir='ltr'><strong><em>ἀθληταί,</em></strong></span> <span class='ocrx_word' id='word_1_116' title='bbox 244 1688 366 1768; x_wconf 90' lang='grc' dir='ltr'><strong><em>μάλιστα</em></strong></span> <span class='ocrx_word' id='word_1_117' title='bbox 385 1685 417 1748; x_wconf 79' lang='grc' dir='ltr'>δὲ</span> <span class='ocrx_word' id='word_1_118' title='bbox 436 1688 467 1748; x_wconf 82' lang='grc' dir='ltr'>οἱ</span> <span class='ocrx_word' id='word_1_119' title='bbox 483 1687 599 1748; x_wconf 81' lang='grc' dir='ltr'><strong><em>πύκται.</em></strong></span> 
     </span>
     <span class='ocr_line' id='line_1_17' title="bbox 74 1782 1208 1866; baseline -0.005 -18"><span class='ocrx_word' id='word_1_120' title='bbox 74 1808 76 1811; x_wconf 75' lang='grc'>’</span> <span class='ocrx_word' id='word_1_121' title='bbox 153 1807 175 1847; x_wconf 89' lang='lat' dir='ltr'>c.</span> <span class='ocrx_word' id='word_1_122' title='bbox 200 1787 312 1848; x_wconf 81' lang='grc' dir='ltr'><strong><em>είκοτι</em></strong></span> <span class='ocrx_word' id='word_1_123' title='bbox 330 1785 479 1846; x_wconf 80' lang='grc' dir='ltr'><strong><em>ιουτόθι</em></strong></span> <span class='ocrx_word' id='word_1_124' title='bbox 498 1790 601 1864; x_wconf 74' lang='grc' dir='ltr'><strong><em>μῆλαε</em></strong></span> <span class='ocrx_word' id='word_1_125' title='bbox 620 1784 784 1866; x_wconf 80' lang='grc' dir='ltr'><strong><em>θρέμματα.</em></strong></span> <span class='ocrx_word' id='word_1_126' title='bbox 815 1783 889 1866; x_wconf 83' lang='grc' dir='ltr'><strong><em>λέγει</em></strong></span> <span class='ocrx_word' id='word_1_127' title='bbox 905 1782 936 1846; x_wconf 79' lang='grc' dir='ltr'>δὲ</span> <span class='ocrx_word' id='word_1_128' title='bbox 951 1786 1063 1847; x_wconf 81' lang='grc' dir='ltr'><strong><em>τούτων</em></strong></span> <span class='ocrx_word' id='word_1_129' title='bbox 1087 1795 1208 1842; x_wconf 73' lang='lat' dir='ltr'>num</span> 
     </span>
     <span class='ocr_line' id='line_1_18' title="bbox 86 1881 1101 1966; baseline 0 -21"><span class='ocrx_word' id='word_1_130' title='bbox 86 1884 120 1945; x_wconf 82' lang='grc' dir='ltr'>τά</span> <span class='ocrx_word' id='word_1_131' title='bbox 143 1883 263 1963; x_wconf 76' lang='grc' dir='ltr'><strong><em>κρέατα,</em></strong></span> <span class='ocrx_word' id='word_1_132' title='bbox 292 1885 342 1944; x_wconf 84' lang='grc' dir='ltr'>ἵνα</span> <span class='ocrx_word' id='word_1_133' title='bbox 365 1884 415 1966; x_wconf 75' lang='grc' dir='ltr'>ἔχῃ</span> <span class='ocrx_word' id='word_1_134' title='bbox 434 1889 626 1964; x_wconf 82' lang='grc' dir='ltr'><strong><em>κρεωφαγεῖν.</em></strong></span> <span class='ocrx_word' id='word_1_135' title='bbox 665 1883 709 1944; x_wconf 80' lang='grc' dir='ltr'>ὅτι</span> <span class='ocrx_word' id='word_1_136' title='bbox 733 1881 764 1944; x_wconf 79' lang='grc' dir='ltr'>δὲ</span> <span class='ocrx_word' id='word_1_137' title='bbox 788 1889 865 1962; x_wconf 75' lang='grc' dir='ltr'><strong><em>μῆλα</em></strong></span> <span class='ocrx_word' id='word_1_138' title='bbox 888 1883 925 1944; x_wconf 81' lang='grc' dir='ltr'>οὐ</span> <span class='ocrx_word' id='word_1_139' title='bbox 950 1884 1043 1962; x_wconf 90' lang='grc' dir='ltr'><strong><em>μόνον</em></strong></span> <span class='ocrx_word' id='word_1_140' title='bbox 1065 1883 1101 1944; x_wconf 84' lang='grc' dir='ltr'>τὰ</span> 
     </span>
    </p>
   </div>
   <div class='ocr_carea' id='block_1_4' title="bbox 86 2000 1180 2142">
    <p class='ocr_par' dir='ltr' id='par_1_5' title="bbox 86 2000 1180 2142">
     <span class='ocr_line' id='line_1_19' title="bbox 156 2000 1065 2070; baseline 0 -15"><span class='ocrx_word' id='word_1_141' title='bbox 156 2013 186 2055; x_wconf 82' lang='grc' dir='ltr'>ιο</span> <span class='ocrx_word' id='word_1_142' title='bbox 204 2002 324 2070; x_wconf 84' lang='lat' dir='ltr'>Hesych.</span> <span class='ocrx_word' id='word_1_143' title='bbox 344 2002 423 2055; x_wconf 85' lang='lat' dir='ltr'>Phot.</span> <span class='ocrx_word' id='word_1_144' title='bbox 443 2001 519 2055; x_wconf 87' lang='lat' dir='ltr'>Suid.</span> <span class='ocrx_word' id='word_1_145' title='bbox 538 2001 668 2070; x_wconf 81' lang='grc' dir='ltr'><strong><em>σκαπάνη</em></strong></span> <span class='ocrx_word' id='word_1_146' title='bbox 741 2001 805 2056; x_wconf 84' lang='lat' dir='ltr'>Lex.</span> <span class='ocrx_word' id='word_1_147' title='bbox 820 2000 935 2054; x_wconf 91' lang='lat' dir='ltr'>Bachm.</span> <span class='ocrx_word' id='word_1_148' title='bbox 950 2007 1016 2068; x_wconf 79' lang='grc'>365,</span> <span class='ocrx_word' id='word_1_149' title='bbox 1031 2007 1065 2055; x_wconf 78' lang='lat'>20</span> 
     </span>
     <span class='ocr_line' id='line_1_20' title="bbox 86 2071 1180 2142; baseline -0.001 -15"><span class='ocrx_word' id='word_1_150' title='bbox 86 2074 173 2128; x_wconf 81' lang='lat' dir='ltr'>Bekk.</span> <span class='ocrx_word' id='word_1_151' title='bbox 189 2075 241 2128; x_wconf 89' lang='lat' dir='ltr'>An.</span> <span class='ocrx_word' id='word_1_152' title='bbox 257 2092 297 2142; x_wconf 87' lang='lat' dir='ltr'>gr.</span> <span class='ocrx_word' id='word_1_153' title='bbox 309 2078 369 2139; x_wconf 78' lang='lat'>301,</span> <span class='ocrx_word' id='word_1_154' title='bbox 380 2078 414 2124; x_wconf 78' lang='lat'>25</span> <span class='ocrx_word' id='word_1_155' title='bbox 469 2073 550 2125; x_wconf 86' lang='lat' dir='ltr'>Phot.</span> <span class='ocrx_word' id='word_1_156' title='bbox 567 2081 703 2140; x_wconf 69' lang='lat' dir='ltr'>onomaton</span> <span class='ocrx_word' id='word_1_157' title='bbox 776 2082 803 2124; x_wconf 75' lang='lat'>17</span> <span class='ocrx_word' id='word_1_158' title='bbox 824 2071 1101 2139; x_wconf 73' lang='lat' dir='ltr'>schPuoo3AT</span> <span class='ocrx_word' id='word_1_159' title='bbox 1176 2123 1180 2131; x_wconf 83' lang='lat'><em>,</em></span> 
     </span>
    </p>
   </div>
   <div class='ocr_carea' id='block_1_5' title="bbox 85 2178 1103 3602">
    <p class='ocr_par' dir='ltr' id='par_1_6' title="bbox 85 2178 1103 2963">
     <span class='ocr_line' id='line_1_21' title="bbox 85 2178 1102 2319; baseline -0.002 -14"><span class='ocrx_word' id='word_1_160' title='bbox 85 2178 1102 2319; x_wconf 57' lang='lat' dir='ltr'>tt‘tttttttttttl?attttttttttsttttutttbt</span> 
     </span>
     <span class='ocr_line' id='line_1_22' title="bbox 86 2320 1102 2391; baseline -0.001 -15"><span class='ocrx_word' id='word_1_161' title='bbox 86 2323 183 2376; x_wconf 82' lang='lat' dir='ltr'>Attica</span> <span class='ocrx_word' id='word_1_162' title='bbox 206 2322 260 2376; x_wconf 82' lang='lat' dir='ltr'>sito</span> <span class='ocrx_word' id='word_1_163' title='bbox 284 2320 375 2374; x_wconf 85' lang='lat' dir='ltr'>olivae</span> <span class='ocrx_word' id='word_1_164' title='bbox 398 2320 620 2389; x_wconf 81' lang='grc' dir='ltr'><strong><em>καλλισιιφάνον</em></strong></span> <span class='ocrx_word' id='word_1_165' title='bbox 641 2320 804 2375; x_wconf 77' lang='lat' dir='ltr'>malleolum</span> <span class='ocrx_word' id='word_1_166' title='bbox 824 2320 984 2391; x_wconf 77' lang='lat' dir='ltr'>Olympiam</span> <span class='ocrx_word' id='word_1_167' title='bbox 1003 2322 1102 2390; x_wconf 91' lang='lat' dir='ltr'>depor-</span> 
     </span>
     <span class='ocr_line' id='line_1_23' title="bbox 86 2391 1101 2462; baseline -0.001 -15"><span class='ocrx_word' id='word_1_168' title='bbox 86 2394 167 2457; x_wconf 78' lang='lat' dir='ltr'>tavit,</span> <span class='ocrx_word' id='word_1_169' title='bbox 186 2393 228 2446; x_wconf 89' lang='lat' dir='ltr'>ita</span> <span class='ocrx_word' id='word_1_170' title='bbox 245 2395 278 2444; x_wconf 93' lang='lat' dir='ltr'>ut</span> <span class='ocrx_word' id='word_1_171' title='bbox 297 2391 445 2461; x_wconf 77' lang='lat' dir='ltr'>Olympico</span> <span class='ocrx_word' id='word_1_172' title='bbox 462 2391 513 2446; x_wconf 90' lang='lat' dir='ltr'>illa</span> <span class='ocrx_word' id='word_1_173' title='bbox 531 2391 605 2445; x_wconf 83' lang='lat' dir='ltr'>oliva</span> <span class='ocrx_word' id='word_1_174' title='bbox 623 2395 652 2445; x_wconf 95' lang='lat' dir='ltr'>et</span> <span class='ocrx_word' id='word_1_175' title='bbox 671 2391 849 2460; x_wconf 86' lang='lat' dir='ltr'>Olympicum</span> <span class='ocrx_word' id='word_1_176' title='bbox 862 2392 1020 2446; x_wconf 81' lang='lat' dir='ltr'>Pantheum</span> <span class='ocrx_word' id='word_1_177' title='bbox 1033 2392 1101 2462; x_wconf 85' lang='lat' dir='ltr'>(soh.</span> 
     </span>
     <span class='ocr_line' id='line_1_24' title="bbox 86 2463 1102 2533; baseline 0 -15"><span class='ocrx_word' id='word_1_178' title='bbox 86 2465 167 2518; x_wconf 89' lang='lat' dir='ltr'>Pind.</span> <span class='ocrx_word' id='word_1_179' title='bbox 182 2463 223 2518; x_wconf 88' lang='lat'>01.</span> <span class='ocrx_word' id='word_1_180' title='bbox 238 2465 277 2517; x_wconf 92' lang='lat' dir='ltr'>HI</span> <span class='ocrx_word' id='word_1_181' title='bbox 292 2469 337 2529; x_wconf 84' lang='grc' dir='ltr'>6ος</span> <span class='ocrx_word' id='word_1_182' title='bbox 358 2464 421 2518; x_wconf 84' lang='lat' dir='ltr'>VIII</span> <span class='ocrx_word' id='word_1_183' title='bbox 436 2465 504 2532; x_wconf 72' lang='lat' dir='ltr'>lta)</span> <span class='ocrx_word' id='word_1_184' title='bbox 528 2463 666 2533; x_wconf 82' lang='lat' dir='ltr'>originem</span> <span class='ocrx_word' id='word_1_185' title='bbox 685 2464 818 2518; x_wconf 79' lang='lat' dir='ltr'>ducerent</span> <span class='ocrx_word' id='word_1_186' title='bbox 837 2464 873 2518; x_wconf 87' lang='lat' dir='ltr'>ab</span> <span class='ocrx_word' id='word_1_187' title='bbox 892 2465 995 2518; x_wconf 87' lang='lat' dir='ltr'>Attica.</span> <span class='ocrx_word' id='word_1_188' title='bbox 1029 2480 1102 2532; x_wconf 91' lang='lat' dir='ltr'>quae</span> 
     </span>
     <span class='ocr_line' id='line_1_25' title="bbox 86 2534 1101 2603; baseline 0 -13"><span class='ocrx_word' id='word_1_189' title='bbox 86 2535 221 2601; x_wconf 86' lang='lat' dir='ltr'>narratio,</span> <span class='ocrx_word' id='word_1_190' title='bbox 245 2536 313 2590; x_wconf 92' lang='lat' dir='ltr'>licet</span> <span class='ocrx_word' id='word_1_191' title='bbox 336 2535 405 2588; x_wconf 85' lang='lat' dir='ltr'>satis</span> <span class='ocrx_word' id='word_1_192' title='bbox 428 2534 548 2588; x_wconf 91' lang='lat' dir='ltr'>multum</span> <span class='ocrx_word' id='word_1_193' title='bbox 570 2535 722 2603; x_wconf 78' lang='lat' dir='ltr'>avulgata</span> <span class='ocrx_word' id='word_1_194' title='bbox 740 2535 852 2589; x_wconf 87' lang='lat' dir='ltr'>fabulae</span> <span class='ocrx_word' id='word_1_195' title='bbox 872 2535 963 2590; x_wconf 87' lang='lat' dir='ltr'>forma</span> <span class='ocrx_word' id='word_1_196' title='bbox 981 2534 1101 2602; x_wconf 83' lang='lat' dir='ltr'>differat,</span> 
     </span>
     <span class='ocr_line' id='line_1_26' title="bbox 87 2605 1103 2675; baseline 0.001 -14"><span class='ocrx_word' id='word_1_197' title='bbox 87 2625 151 2661; x_wconf 89' lang='lat' dir='ltr'>cum</span> <span class='ocrx_word' id='word_1_198' title='bbox 164 2624 214 2675; x_wconf 93' lang='lat' dir='ltr'>per</span> <span class='ocrx_word' id='word_1_199' title='bbox 228 2625 256 2660; x_wconf 86' lang='lat' dir='ltr'>se</span> <span class='ocrx_word' id='word_1_200' title='bbox 271 2608 343 2661; x_wconf 89' lang='lat' dir='ltr'>bene</span> <span class='ocrx_word' id='word_1_201' title='bbox 356 2605 548 2675; x_wconf 75' lang='lat' dir='ltr'>intellegatur,</span> <span class='ocrx_word' id='word_1_202' title='bbox 561 2606 647 2660; x_wconf 89' lang='lat' dir='ltr'>reicio</span> <span class='ocrx_word' id='word_1_203' title='bbox 663 2623 726 2660; x_wconf 89' lang='lat' dir='ltr'>oum</span> <span class='ocrx_word' id='word_1_204' title='bbox 736 2607 854 2661; x_wconf 82' lang='lat' dir='ltr'>Ernesto</span> <span class='ocrx_word' id='word_1_205' title='bbox 865 2607 957 2661; x_wconf 86' lang='lat' dir='ltr'>Maass</span> <span class='ocrx_word' id='word_1_206' title='bbox 967 2608 1103 2662; x_wconf 77' lang='lat' dir='ltr'>Deutschc</span> 
     </span>
     <span class='ocr_line' id='line_1_27' title="bbox 87 2677 1102 2746; baseline -0.002 -12"><span class='ocrx_word' id='word_1_207' title='bbox 87 2680 144 2734; x_wconf 78' lang='lat' dir='ltr'>Lit.</span> <span class='ocrx_word' id='word_1_208' title='bbox 164 2679 231 2733; x_wconf 79' lang='lat' dir='ltr'>Zeit.</span> <span class='ocrx_word' id='word_1_209' title='bbox 252 2683 404 2745; x_wconf 77' lang='lat'><strong><em>16‚1895,</em></strong></span> <span class='ocrx_word' id='word_1_210' title='bbox 425 2681 479 2733; x_wconf 80' lang='lat'>682</span> <span class='ocrx_word' id='word_1_211' title='bbox 502 2693 575 2746; x_wconf 86' lang='lat' dir='ltr'>quae</span> <span class='ocrx_word' id='word_1_212' title='bbox 598 2677 643 2732; x_wconf 90' lang='lat' dir='ltr'>vel</span> <span class='ocrx_word' id='word_1_213' title='bbox 665 2679 702 2731; x_wconf 86' lang='lat' dir='ltr'>ad</span> <span class='ocrx_word' id='word_1_214' title='bbox 721 2678 882 2732; x_wconf 81' lang='lat' dir='ltr'>Aristotelis</span> <span class='ocrx_word' id='word_1_215' title='bbox 902 2678 947 2732; x_wconf 90' lang='lat' dir='ltr'>vel</span> <span class='ocrx_word' id='word_1_216' title='bbox 965 2679 1002 2731; x_wconf 90' lang='lat' dir='ltr'>ad</span> <span class='ocrx_word' id='word_1_217' title='bbox 1021 2678 1102 2732; x_wconf 89' lang='lat' dir='ltr'>scho-</span> 
     </span>
     <span class='ocr_line' id='line_1_28' title="bbox 86 2749 1101 2818; baseline -0.001 -15"><span class='ocrx_word' id='word_1_218' title='bbox 86 2751 187 2804; x_wconf 86' lang='lat' dir='ltr'>liastae</span> <span class='ocrx_word' id='word_1_219' title='bbox 200 2750 276 2804; x_wconf 88' lang='lat' dir='ltr'>locos</span> <span class='ocrx_word' id='word_1_220' title='bbox 291 2749 481 2804; x_wconf 87' lang='lat' dir='ltr'>emendandos</span> <span class='ocrx_word' id='word_1_221' title='bbox 495 2749 607 2818; x_wconf 88' lang='lat' dir='ltr'>prolata</span> <span class='ocrx_word' id='word_1_222' title='bbox 622 2753 687 2802; x_wconf 91' lang='lat' dir='ltr'>sunt</span> <span class='ocrx_word' id='word_1_223' title='bbox 700 2749 745 2817; x_wconf 84' lang='lat' dir='ltr'>(cf.</span> <span class='ocrx_word' id='word_1_224' title='bbox 755 2749 956 2818; x_wconf 85' lang='lat' dir='ltr'>Hemsterhnys</span> <span class='ocrx_word' id='word_1_225' title='bbox 966 2752 1016 2804; x_wconf 84' lang='lat' dir='ltr'>Ar.</span> <span class='ocrx_word' id='word_1_226' title='bbox 1026 2750 1101 2804; x_wconf 75' lang='lat' dir='ltr'>Par.</span> 
     </span>
     <span class='ocr_line' id='line_1_29' title="bbox 88 2821 1101 2892; baseline -0.002 -16"><span class='ocrx_word' id='word_1_227' title='bbox 88 2826 167 2887; x_wconf 79' lang='lat'><strong><em>1744,</em></strong></span> <span class='ocrx_word' id='word_1_228' title='bbox 183 2826 250 2888; x_wconf 72' lang='lat'>1853</span> <span class='ocrx_word' id='word_1_229' title='bbox 269 2821 338 2874; x_wconf 91' lang='lat' dir='ltr'>Lud.</span> <span class='ocrx_word' id='word_1_230' title='bbox 353 2821 489 2890; x_wconf 87' lang='lat' dir='ltr'>Weniger</span> <span class='ocrx_word' id='word_1_231' title='bbox 508 2822 566 2875; x_wconf 84' lang='lat' dir='ltr'>Der</span> <span class='ocrx_word' id='word_1_232' title='bbox 579 2822 641 2875; x_wconf 67' lang='lat' dir='ltr'>teas.</span> <span class='ocrx_word' id='word_1_233' title='bbox 659 2821 789 2876; x_wconf 82' lang='lat' dir='ltr'>Oetbacm</span> <span class='ocrx_word' id='word_1_234' title='bbox 802 2823 834 2874; x_wconf 85' lang='grc' dir='ltr'><strong><em>ι’νι</em></strong></span> <span class='ocrx_word' id='word_1_235' title='bbox 851 2821 987 2892; x_wconf 76' lang='lat' dir='ltr'>Olympia,</span> <span class='ocrx_word' id='word_1_236' title='bbox 1004 2823 1101 2890; x_wconf 80' lang='grc' dir='ltr'><strong><em>Ρτομτ.</em></strong></span> 
     </span>
     <span class='ocr_line' id='line_1_30' title="bbox 89 2893 475 2963; baseline -0.005 -16"><span class='ocrx_word' id='word_1_237' title='bbox 89 2893 188 2963; x_wconf 68' lang='grc' dir='ltr'><strong><em>(ῗγνικ.</em></strong></span> <span class='ocrx_word' id='word_1_238' title='bbox 205 2895 307 2947; x_wconf 74' lang='lat' dir='ltr'>Vt&#39;mar.</span> <span class='ocrx_word' id='word_1_239' title='bbox 324 2897 475 2961; x_wconf 80' lang='lat'><em>1895‚17).</em></span> 
     </span>
    </p>

    <p class='ocr_par' dir='ltr' id='par_1_7' title="bbox 86 2962 1103 3602">
     <span class='ocr_line' id='line_1_31' title="bbox 159 2962 1102 3030; baseline 0.001 -14"><span class='ocrx_word' id='word_1_240' title='bbox 159 2975 172 3016; x_wconf 78' lang='lat' dir='ltr'>a</span> <span class='ocrx_word' id='word_1_241' title='bbox 192 2963 279 3025; x_wconf 69' lang='grc' dir='ltr'><strong><em>οὕτως</em></strong></span> <span class='ocrx_word' id='word_1_242' title='bbox 297 2967 413 3018; x_wconf 83' lang='grc' dir='ltr'><strong><em>καλοῦσι</em></strong></span> <span class='ocrx_word' id='word_1_243' title='bbox 432 2963 543 3030; x_wconf 80' lang='lat' dir='ltr'>scripsi:</span> <span class='ocrx_word' id='word_1_244' title='bbox 564 2964 597 3017; x_wconf 76' lang='lat' dir='ltr'>ot</span> <span class='ocrx_word' id='word_1_245' title='bbox 613 2967 730 3018; x_wconf 83' lang='grc' dir='ltr'><strong><em>καλοῦσι</em></strong></span> <span class='ocrx_word' id='word_1_246' title='bbox 743 2962 837 3016; x_wconf 89' lang='lat' dir='ltr'>codd.:</span> <span class='ocrx_word' id='word_1_247' title='bbox 857 2964 891 3017; x_wconf 75' lang='grc' dir='ltr'>οὐ</span> <span class='ocrx_word' id='word_1_248' title='bbox 905 2966 996 3026; x_wconf 82' lang='grc' dir='ltr'><strong><em>καλῶς</em></strong></span> <span class='ocrx_word' id='word_1_249' title='bbox 1009 2963 1102 3017; x_wconf 90' lang='lat' dir='ltr'>Dueb·</span> 
     </span>
     <span class='ocr_line' id='line_1_32' title="bbox 86 3031 1102 3122; baseline 0 -34"><span class='ocrx_word' id='word_1_250' title='bbox 86 3051 137 3088; x_wconf 85' lang='lat' dir='ltr'>nor</span> <span class='ocrx_word' id='word_1_251' title='bbox 208 3034 296 3090; x_wconf 69' lang='lat' dir='ltr'>adel.</span> <span class='ocrx_word' id='word_1_252' title='bbox 312 3034 501 3088; x_wconf 84' lang='lat' dir='ltr'>Wilamowitz</span> <span class='ocrx_word' id='word_1_253' title='bbox 592 3045 666 3103; x_wconf 78' lang='grc' dir='ltr'><strong><em>εγρ.</em></strong></span> <span class='ocrx_word' id='word_1_254' title='bbox 687 3036 735 3088; x_wconf 83' lang='grc' dir='ltr'>καλ</span> <span class='ocrx_word' id='word_1_255' title='bbox 755 3033 855 3097; x_wconf 86' lang='grc' dir='ltr'><strong><em>κάλλος</em></strong></span> <span class='ocrx_word' id='word_1_256' title='bbox 871 3031 899 3122; x_wconf 53' lang='lat' dir='ltr'>gir</span> <span class='ocrx_word' id='word_1_257' title='bbox 919 3035 983 3089; x_wconf 82' lang='lat' dir='ltr'>add.</span> <span class='ocrx_word' id='word_1_258' title='bbox 998 3037 1028 3103; x_wconf 76' lang='grc' dir='ltr'>Τ)</span> <span class='ocrx_word' id='word_1_259' title='bbox 1053 3036 1102 3088; x_wconf 82' lang='grc' dir='ltr'>καλ</span> 
     </span>
     <span class='ocr_line' id='line_1_33' title="bbox 87 3103 1100 3176; baseline -0.001 -16"><span class='ocrx_word' id='word_1_260' title='bbox 87 3106 200 3160; x_wconf 86' lang='grc' dir='ltr'><strong><em>κάλλιον</em></strong></span> <span class='ocrx_word' id='word_1_261' title='bbox 227 3111 353 3158; x_wconf 71' lang='lat' dir='ltr'>(IUEAT</span> <span class='ocrx_word' id='word_1_262' title='bbox 442 3116 472 3158; x_wconf 82' lang='lat'>10</span> <span class='ocrx_word' id='word_1_263' title='bbox 494 3103 549 3159; x_wconf 75' lang='lat' dir='ltr'>clix.</span> <span class='ocrx_word' id='word_1_264' title='bbox 569 3103 586 3173; x_wconf 77' lang='grc' dir='ltr'>ἢ</span> <span class='ocrx_word' id='word_1_265' title='bbox 605 3104 680 3175; x_wconf 81' lang='grc' dir='ltr'><strong><em>άμην</em></strong></span> <span class='ocrx_word' id='word_1_266' title='bbox 699 3113 734 3159; x_wconf 86' lang='lat' dir='ltr'>K:</span> <span class='ocrx_word' id='word_1_267' title='bbox 758 3103 775 3173; x_wconf 75' lang='grc' dir='ltr'>ἢ</span> <span class='ocrx_word' id='word_1_268' title='bbox 795 3103 849 3159; x_wconf 66' lang='lat' dir='ltr'>ola.</span> <span class='ocrx_word' id='word_1_269' title='bbox 869 3126 887 3174; x_wconf 81' lang='grc' dir='ltr'><em>η</em></span> <span class='ocrx_word' id='word_1_270' title='bbox 906 3104 1049 3176; x_wconf 83' lang='grc' dir='ltr'><strong><em>λισγάριον</em></strong></span> <span class='ocrx_word' id='word_1_271' title='bbox 1068 3111 1100 3159; x_wconf 76' lang='lat' dir='ltr'>(iz</span> 
     </span>
     <span class='ocr_line' id='line_1_34' title="bbox 88 3173 1102 3247; baseline -0.004 -15"><span class='ocrx_word' id='word_1_272' title='bbox 88 3175 175 3247; x_wconf 83' lang='grc' dir='ltr'><strong><em>ἥγουν</em></strong></span> <span class='ocrx_word' id='word_1_273' title='bbox 198 3177 253 3231; x_wconf 63' lang='lat' dir='ltr'>ota.</span> <span class='ocrx_word' id='word_1_274' title='bbox 274 3174 291 3245; x_wconf 79' lang='grc' dir='ltr'>ἢ</span> <span class='ocrx_word' id='word_1_275' title='bbox 315 3176 458 3246; x_wconf 80' lang='grc' dir='ltr'><strong><em>λισγάριον</em></strong></span> <span class='ocrx_word' id='word_1_276' title='bbox 477 3173 495 3244; x_wconf 78' lang='grc' dir='ltr'><strong>ἢ</strong></span> <span class='ocrx_word' id='word_1_277' title='bbox 515 3175 650 3244; x_wconf 83' lang='grc' dir='ltr'><strong><em>σκαφίον,</em></strong></span> <span class='ocrx_word' id='word_1_278' title='bbox 675 3175 689 3230; x_wconf 89' lang='grc' dir='ltr'><strong><em>ὃ</em></strong></span> <span class='ocrx_word' id='word_1_279' title='bbox 709 3177 736 3230; x_wconf 85' lang='grc' dir='ltr'>ολ</span> <span class='ocrx_word' id='word_1_280' title='bbox 750 3173 867 3231; x_wconf 75' lang='grc' dir='ltr'><strong><em>Ἀττικοὶ</em></strong></span> <span class='ocrx_word' id='word_1_281' title='bbox 886 3175 912 3246; x_wconf 86' lang='grc' dir='ltr'>(ὃ</span> <span class='ocrx_word' id='word_1_282' title='bbox 928 3174 1055 3238; x_wconf 81' lang='grc' dir='ltr'><strong><em>Ἀττικῶς</em></strong></span> <span class='ocrx_word' id='word_1_283' title='bbox 1072 3181 1102 3245; x_wconf 84' lang='lat' dir='ltr'>U,</span> 
     </span>
     <span class='ocr_line' id='line_1_35' title="bbox 88 3245 1102 3317; baseline -0.003 -14"><span class='ocrx_word' id='word_1_284' title='bbox 88 3247 173 3303; x_wconf 82' lang='grc' dir='ltr'><strong><em>ὃἍττ</em></strong></span> <span class='ocrx_word' id='word_1_285' title='bbox 184 3292 190 3303; x_wconf 91' lang='grc'><strong>.</strong></span> <span class='ocrx_word' id='word_1_286' title='bbox 202 3291 226 3303; x_wconf 92' lang='grc'>..</span> <span class='ocrx_word' id='word_1_287' title='bbox 246 3251 279 3317; x_wconf 78' lang='grc' dir='ltr'>Δ)</span> <span class='ocrx_word' id='word_1_288' title='bbox 298 3248 372 3317; x_wconf 82' lang='grc' dir='ltr'><strong><em>άμην</em></strong></span> <span class='ocrx_word' id='word_1_289' title='bbox 391 3246 501 3316; x_wconf 77' lang='grc' dir='ltr'><strong><em>λέγουσι</em></strong></span> <span class='ocrx_word' id='word_1_290' title='bbox 518 3249 584 3301; x_wconf 83' lang='lat' dir='ltr'>cett.</span> <span class='ocrx_word' id='word_1_291' title='bbox 657 3258 683 3300; x_wconf 89' lang='lat'>11</span> <span class='ocrx_word' id='word_1_292' title='bbox 702 3245 859 3317; x_wconf 89' lang='grc' dir='ltr'><strong><em>γυμνασίαν</em></strong></span> <span class='ocrx_word' id='word_1_293' title='bbox 873 3255 897 3300; x_wconf 82' lang='grc' dir='ltr'><strong>Κ</strong></span> <span class='ocrx_word' id='word_1_294' title='bbox 968 3258 996 3300; x_wconf 71' lang='lat'>12</span> <span class='ocrx_word' id='word_1_295' title='bbox 1015 3249 1102 3314; x_wconf 80' lang='grc' dir='ltr'><strong><em>άναρ-</em></strong></span> 
     </span>
     <span class='ocr_line' id='line_1_36' title="bbox 88 3318 1101 3388; baseline -0.002 -15"><span class='ocrx_word' id='word_1_296' title='bbox 88 3321 244 3387; x_wconf 80' lang='grc' dir='ltr'><strong><em>ρωννίντες</em></strong></span> <span class='ocrx_word' id='word_1_297' title='bbox 266 3327 301 3372; x_wconf 83' lang='lat' dir='ltr'>K:</span> <span class='ocrx_word' id='word_1_298' title='bbox 330 3319 504 3380; x_wconf 80' lang='grc' dir='ltr'><strong><em>άναδάοντες</em></strong></span> <span class='ocrx_word' id='word_1_299' title='bbox 526 3321 591 3372; x_wconf 85' lang='lat' dir='ltr'>cett.</span> <span class='ocrx_word' id='word_1_300' title='bbox 647 3321 772 3372; x_wconf 86' lang='lat' dir='ltr'>extrema</span> <span class='ocrx_word' id='word_1_301' title='bbox 794 3322 941 3388; x_wconf 86' lang='lat' dir='ltr'>practerm.</span> <span class='ocrx_word' id='word_1_302' title='bbox 961 3318 1043 3385; x_wconf 75' lang='lat' dir='ltr'>call,</span> <span class='ocrx_word' id='word_1_303' title='bbox 1067 3320 1101 3371; x_wconf 88' lang='lat' dir='ltr'>cf.</span> 
     </span>
     <span class='ocr_line' id='line_1_37' title="bbox 89 3388 1103 3460; baseline -0.002 -16"><span class='ocrx_word' id='word_1_304' title='bbox 89 3392 145 3446; x_wconf 85' lang='lat' dir='ltr'>sch.</span> <span class='ocrx_word' id='word_1_305' title='bbox 166 3392 184 3444; x_wconf 88' lang='lat' dir='ltr'>b</span> <span class='ocrx_word' id='word_1_306' title='bbox 273 3401 300 3443; x_wconf 74' lang='lat' dir='ltr'>lt</span> <span class='ocrx_word' id='word_1_307' title='bbox 324 3398 499 3459; x_wconf 79' lang='grc' dir='ltr'><strong><em>κρεοφαγεῖν</em></strong></span> <span class='ocrx_word' id='word_1_308' title='bbox 522 3395 620 3455; x_wconf 73' lang='lat' dir='ltr'>apogr.</span> <span class='ocrx_word' id='word_1_309' title='bbox 639 3394 731 3443; x_wconf 65' lang='lat' dir='ltr'>Baro:</span> <span class='ocrx_word' id='word_1_310' title='bbox 759 3399 951 3460; x_wconf 78' lang='grc' dir='ltr'><strong><em>κρεωσφαγεϊν</em></strong></span> <span class='ocrx_word' id='word_1_311' title='bbox 975 3395 1008 3443; x_wconf 74' lang='lat' dir='ltr'>G:</span> <span class='ocrx_word' id='word_1_312' title='bbox 1035 3388 1103 3456; x_wconf 79' lang='grc' dir='ltr'><strong><em>κρέα</em></strong></span> 
     </span>
     <span class='ocr_line' id='line_1_38' title="bbox 89 3460 1103 3586; baseline -0.002 -71"><span class='ocrx_word' id='word_1_313' title='bbox 89 3467 323 3586; x_wconf 49' lang='grc' dir='ltr'><strong><em>φαγεῖνΑἶιΕΔΤι</em></strong></span> <span class='ocrx_word' id='word_1_314' title='bbox 345 3471 531 3532; x_wconf 80' lang='grc' dir='ltr'><strong><em>κρεωσασχεῖν</em></strong></span> <span class='ocrx_word' id='word_1_315' title='bbox 550 3468 585 3513; x_wconf 82' lang='lat' dir='ltr'>K:</span> <span class='ocrx_word' id='word_1_316' title='bbox 609 3461 697 3528; x_wconf 76' lang='grc' dir='ltr'><strong><em>κρέως</em></strong></span> <span class='ocrx_word' id='word_1_317' title='bbox 715 3461 812 3516; x_wconf 74' lang='grc' dir='ltr'><strong><em>ἔσθειν</em></strong></span> <span class='ocrx_word' id='word_1_318' title='bbox 830 3463 875 3516; x_wconf 88' lang='lat' dir='ltr'>vel</span> <span class='ocrx_word' id='word_1_319' title='bbox 894 3460 1001 3516; x_wconf 74' lang='grc' dir='ltr'><strong><em>ἐσθίειν</em></strong></span> <span class='ocrx_word' id='word_1_320' title='bbox 1021 3463 1103 3514; x_wconf 88' lang='lat' dir='ltr'>caute</span> 
     </span>
     <span class='ocr_line' id='line_1_39' title="bbox 88 3551 295 3602; baseline -0.005 -16"><span class='ocrx_word' id='word_1_321' title='bbox 88 3551 167 3602; x_wconf 91' lang='lat' dir='ltr'>prop.</span> <span class='ocrx_word' id='word_1_322' title='bbox 247 3551 295 3586; x_wconf 84' lang='lat' dir='ltr'>ens</span> 
     </span>
    </p>
   </div>
   <div class='ocr_carea' id='block_1_6' title="bbox 0 0 1235 3870">
    <p class='ocr_par' dir='ltr' id='par_1_8' title="bbox 0 0 1235 3870">
     <span class='ocr_line' id='line_1_40' title="bbox 0 0 1235 3870; baseline 0 0"><span class='ocrx_word' id='word_1_323' title='bbox 0 0 1235 3870; x_wconf 95' lang='lat' dir='ltr'> </span> 
     </span>
    </p>
   </div>
  </div>
 </body>
</html>
