<?xml version="1.0" encoding="UTF-8"?>
<!DOCTYPE html PUBLIC "-//W3C//DTD XHTML 1.0 Transitional//EN"
    "http://www.w3.org/TR/xhtml1/DTD/xhtml1-transitional.dtd">
<html xmlns="http://www.w3.org/1999/xhtml" xml:lang="en" lang="en">
 <head>
  <title>
</title>
<meta http-equiv="Content-Type" content="text/html;charset=utf-8" />
  <meta name='ocr-system' content='tesseract 3.04.00' />
  <meta name='ocr-capabilities' content='ocr_page ocr_carea ocr_par ocr_line ocrx_word'/>
</head>
<body>
  <div class='ocr_page' id='page_1' title='image "./scholiaintheocr00wendgoog_0198.png"; bbox 0 0 2438 3870; ppageno 0'>
   <div class='ocr_carea' id='block_1_1' title="bbox 160 127 851 201">
    <p class='ocr_par' dir='ltr' id='par_1_1' title="bbox 160 127 851 201">
     <span class='ocr_line' id='line_1_1' title="bbox 160 127 851 201; baseline -0.014 -8"><span class='ocrx_word' id='word_1_1' title='bbox 160 128 224 193; x_wconf 83' lang='lat'><strong><em>154</em></strong></span> <span class='ocrx_word' id='word_1_2' title='bbox 474 129 586 186; x_wconf 71' lang='lat' dir='ltr'><strong>Scholia</strong></span> <span class='ocrx_word' id='word_1_3' title='bbox 603 127 851 201; x_wconf 74' lang='lat' dir='ltr'><strong>lvoasead-Va</strong></span> 
     </span>
    </p>
   </div>
   <div class='ocr_carea' id='block_1_2' title="bbox 49 291 1206 1572">
    <p class='ocr_par' dir='ltr' id='par_1_2' title="bbox 49 291 1206 1572">
     <span class='ocr_line' id='line_1_2' title="bbox 157 291 1176 381; baseline 0.003 -26"><span class='ocrx_word' id='word_1_4' title='bbox 157 297 210 356; x_wconf 91' lang='lat' dir='ltr'><strong><em>der</em></strong></span> <span class='ocrx_word' id='word_1_5' title='bbox 222 298 267 356; x_wconf 91' lang='grc' dir='ltr'><em>Π</em></span> <span class='ocrx_word' id='word_1_6' title='bbox 281 291 358 378; x_wconf 83' lang='grc'>566)</span> <span class='ocrx_word' id='word_1_7' title='bbox 378 311 485 376; x_wconf 85' lang='grc' dir='ltr'><strong><em>φησιν·</em></strong></span> <span class='ocrx_word' id='word_1_8' title='bbox 505 294 558 358; x_wconf 52' lang='grc' dir='ltr'><strong><em>εἔτι</em></strong></span> <span class='ocrx_word' id='word_1_9' title='bbox 576 297 620 376; x_wconf 77' lang='grc' dir='ltr'><strong><em>φὴ</em></strong></span> <span class='ocrx_word' id='word_1_10' title='bbox 640 297 807 376; x_wconf 83' lang='grc' dir='ltr'><strong><em>σινόμοιρος</em></strong></span> <span class='ocrx_word' id='word_1_11' title='bbox 824 295 924 381; x_wconf 75' lang='grc' dir='ltr'><strong><em>ἐρήμῳ</em></strong></span> <span class='ocrx_word' id='word_1_12' title='bbox 942 295 1006 377; x_wconf 77' lang='grc' dir='ltr'><strong><em>θὴρ</em></strong></span> <span class='ocrx_word' id='word_1_13' title='bbox 1020 291 1129 359; x_wconf 81' lang='grc' dir='ltr'><strong><em>δύνατ’</em></strong></span> <span class='ocrx_word' id='word_1_14' title='bbox 1144 296 1176 359; x_wconf 77' lang='grc' dir='ltr'><strong><em>ἐν</em></strong></span> 
     </span>
     <span class='ocr_line' id='line_1_3' title="bbox 156 391 1176 478; baseline 0.003 -23"><span class='ocrx_word' id='word_1_15' title='bbox 156 391 265 478; x_wconf 78' lang='grc' dir='ltr'><strong><em>πείρρ’.</em></strong></span> <span class='ocrx_word' id='word_1_16' title='bbox 297 394 438 477; x_wconf 71' lang='grc' dir='ltr'><strong><em>περὶγὰρ</em></strong></span> <span class='ocrx_word' id='word_1_17' title='bbox 456 404 515 456; x_wconf 83' lang='grc' dir='ltr'><strong><em>τῶν</em></strong></span> <span class='ocrx_word' id='word_1_18' title='bbox 533 396 679 476; x_wconf 79' lang='grc' dir='ltr'><strong><em>Σατύρων</em></strong></span> <span class='ocrx_word' id='word_1_19' title='bbox 697 393 862 476; x_wconf 81' lang='grc' dir='ltr'><strong><em>πρόδηλον·</em></strong></span> <span class='ocrx_word' id='word_1_20' title='bbox 884 392 1008 475; x_wconf 73' lang='grc' dir='ltr'><strong><em>καὶγὰρ</em></strong></span> <span class='ocrx_word' id='word_1_21' title='bbox 1026 393 1061 456; x_wconf 86' lang='grc' dir='ltr'><strong><em>τὸ</em></strong></span> <span class='ocrx_word' id='word_1_22' title='bbox 1082 393 1176 476; x_wconf 80' lang='grc' dir='ltr'><strong><em>ὄνομα</em></strong></span> 
     </span>
     <span class='ocr_line' id='line_1_4' title="bbox 157 490 542 573; baseline 0.003 -20"><span class='ocrx_word' id='word_1_23' title='bbox 157 490 216 554; x_wconf 76' lang='grc' dir='ltr'><strong><em>ἀπὸ</em></strong></span> <span class='ocrx_word' id='word_1_24' title='bbox 234 502 287 572; x_wconf 77' lang='grc' dir='ltr'><strong><em>τῆς</em></strong></span> <span class='ocrx_word' id='word_1_25' title='bbox 306 493 405 572; x_wconf 81' lang='grc' dir='ltr'><em>σάθης</em></span> <span class='ocrx_word' id='word_1_26' title='bbox 422 491 542 573; x_wconf 79' lang='grc' dir='ltr'><strong><em>λέγεται.</em></strong></span> 
     </span>
     <span class='ocr_line' id='line_1_5' title="bbox 113 595 1177 681; baseline 0.006 -26"><span class='ocrx_word' id='word_1_27' title='bbox 113 613 149 656; x_wconf 72' lang='lat' dir='ltr'><strong><em>rr</em></strong></span> <span class='ocrx_word' id='word_1_28' title='bbox 226 620 249 660; x_wconf 90' lang='lat' dir='ltr'><strong><em>e.</em></strong></span> <span class='ocrx_word' id='word_1_29' title='bbox 273 597 293 679; x_wconf 74' lang='grc' dir='ltr'><strong>ἢ</strong></span> <span class='ocrx_word' id='word_1_30' title='bbox 317 601 580 680; x_wconf 87' lang='grc' dir='ltr'><strong><em>Σατορίσκοις</em></strong></span> <span class='ocrx_word' id='word_1_31' title='bbox 602 599 770 681; x_wconf 77' lang='grc' dir='ltr'><strong><em>ἐγγύθεν</em></strong></span> <span class='ocrx_word' id='word_1_32' title='bbox 793 596 839 679; x_wconf 65' lang='lat' dir='ltr'><strong><em>&lt;d</em></strong></span> <span class='ocrx_word' id='word_1_33' title='bbox 862 595 1079 680; x_wconf 73' lang='grc' dir='ltr'><strong><em>Πόνεσσι&gt;τ</em></strong></span> <span class='ocrx_word' id='word_1_34' title='bbox 1106 599 1177 675; x_wconf 77' lang='grc' dir='ltr'><strong><em>τοὺς</em></strong></span> 
     </span>
     <span class='ocr_line' id='line_1_6' title="bbox 156 694 1205 778; baseline 0 -21"><span class='ocrx_word' id='word_1_35' title='bbox 156 701 263 770; x_wconf 85' lang='grc' dir='ltr'><strong><em>Πᾶνας</em></strong></span> <span class='ocrx_word' id='word_1_36' title='bbox 285 700 404 771; x_wconf 85' lang='grc' dir='ltr'><strong><em>πλείους</em></strong></span> <span class='ocrx_word' id='word_1_37' title='bbox 427 698 522 778; x_wconf 81' lang='grc' dir='ltr'><strong><em>φησὶν</em></strong></span> <span class='ocrx_word' id='word_1_38' title='bbox 546 696 586 771; x_wconf 81' lang='grc' dir='ltr'><strong><em>ὡς</em></strong></span> <span class='ocrx_word' id='word_1_39' title='bbox 608 697 658 758; x_wconf 81' lang='grc' dir='ltr'><strong><em>κοιλ</em></strong></span> <span class='ocrx_word' id='word_1_40' title='bbox 681 697 750 769; x_wconf 79' lang='grc' dir='ltr'><strong><em>τοὺς</em></strong></span> <span class='ocrx_word' id='word_1_41' title='bbox 768 696 934 775; x_wconf 76' lang='grc' dir='ltr'><strong><em>Σειληνοὺς</em></strong></span> <span class='ocrx_word' id='word_1_42' title='bbox 953 694 1003 758; x_wconf 80' lang='grc' dir='ltr'><strong><em>καλ</em></strong></span> <span class='ocrx_word' id='word_1_43' title='bbox 1021 696 1095 771; x_wconf 74' lang='grc' dir='ltr'><strong><em>τοὺς</em></strong></span> <span class='ocrx_word' id='word_1_44' title='bbox 1112 703 1205 760; x_wconf 83' lang='grc' dir='ltr'><strong><em>Σα-ι</em></strong></span> 
     </span>
     <span class='ocr_line' id='line_1_7' title="bbox 156 788 1176 881; baseline 0.004 -27"><span class='ocrx_word' id='word_1_45' title='bbox 156 795 277 876; x_wconf 81' lang='grc' dir='ltr'><strong><em>πόρους,</em></strong></span> <span class='ocrx_word' id='word_1_46' title='bbox 302 792 342 868; x_wconf 81' lang='grc' dir='ltr'><strong><em>ὡς</em></strong></span> <span class='ocrx_word' id='word_1_47' title='bbox 361 797 508 877; x_wconf 78' lang='grc' dir='ltr'><em>Αἰσχύλος</em></span> <span class='ocrx_word' id='word_1_48' title='bbox 531 793 584 875; x_wconf 84' lang='grc' dir='ltr'><strong><em>μὲν</em></strong></span> <span class='ocrx_word' id='word_1_49' title='bbox 608 795 640 857; x_wconf 82' lang='grc' dir='ltr'><strong><em>ἐν</em></strong></span> <span class='ocrx_word' id='word_1_50' title='bbox 659 797 787 881; x_wconf 74' lang='grc' dir='ltr'><strong><em>Γλαύκῳ</em></strong></span> <span class='ocrx_word' id='word_1_51' title='bbox 807 788 849 877; x_wconf 79' lang='lat' dir='ltr'><strong><em>(v.</em></strong></span> <span class='ocrx_word' id='word_1_52' title='bbox 863 797 923 856; x_wconf 83' lang='lat' dir='ltr'><strong>sch.</strong></span> <span class='ocrx_word' id='word_1_53' title='bbox 937 788 987 877; x_wconf 83' lang='lat' dir='ltr'><strong><em>d),</em></strong></span> <span class='ocrx_word' id='word_1_54' title='bbox 1010 799 1176 876; x_wconf 80' lang='grc' dir='ltr'><strong><em>Σοφοκλῆς</em></strong></span> 
     </span>
     <span class='ocr_line' id='line_1_8' title="bbox 156 886 1176 979; baseline 0.004 -27"><span class='ocrx_word' id='word_1_55' title='bbox 156 889 189 954; x_wconf 80' lang='grc' dir='ltr'><strong><em>δὲ</em></strong></span> <span class='ocrx_word' id='word_1_56' title='bbox 207 891 239 953; x_wconf 80' lang='grc' dir='ltr'><strong><em>ἕν</em></strong></span> <span class='ocrx_word' id='word_1_57' title='bbox 255 886 437 979; x_wconf 74' lang='grc' dir='ltr'><strong><em>Ἀνδρομέδᾳ</em></strong></span> <span class='ocrx_word' id='word_1_58' title='bbox 456 888 498 977; x_wconf 87' lang='lat' dir='ltr'><strong><em>(v.</em></strong></span> <span class='ocrx_word' id='word_1_59' title='bbox 512 890 576 976; x_wconf 69' lang='lat' dir='ltr'><strong>it).</strong></span> <span class='ocrx_word' id='word_1_60' title='bbox 609 894 641 955; x_wconf 77' lang='grc' dir='ltr'><strong><em>οἱ</em></strong></span> <span class='ocrx_word' id='word_1_61' title='bbox 656 894 789 974; x_wconf 81' lang='grc' dir='ltr'><strong><em>Σάτυροι</em></strong></span> <span class='ocrx_word' id='word_1_62' title='bbox 802 889 834 953; x_wconf 81' lang='grc' dir='ltr'><strong><em>δὲ</em></strong></span> <span class='ocrx_word' id='word_1_63' title='bbox 847 891 898 954; x_wconf 81' lang='grc' dir='ltr'><strong><em>καλ</em></strong></span> <span class='ocrx_word' id='word_1_64' title='bbox 913 893 944 954; x_wconf 77' lang='grc' dir='ltr'><strong><em>οἱ</em></strong></span> <span class='ocrx_word' id='word_1_65' title='bbox 960 895 1063 966; x_wconf 83' lang='grc' dir='ltr'><strong><em>Πᾶνες</em></strong></span> <span class='ocrx_word' id='word_1_66' title='bbox 1077 893 1176 956; x_wconf 68' lang='grc' dir='ltr'><strong><em>εὐεπί-</em></strong></span> 
     </span>
     <span class='ocr_line' id='line_1_9' title="bbox 156 989 1177 1074; baseline 0.003 -23"><span class='ocrx_word' id='word_1_67' title='bbox 156 1013 246 1071; x_wconf 87' lang='grc' dir='ltr'><strong><em>φοροι</em></strong></span> <span class='ocrx_word' id='word_1_68' title='bbox 264 991 338 1074; x_wconf 84' lang='grc' dir='ltr'><strong><em>πρὸς</em></strong></span> <span class='ocrx_word' id='word_1_69' title='bbox 356 991 408 1065; x_wconf 83' lang='grc' dir='ltr'><strong><em>τὰς</em></strong></span> <span class='ocrx_word' id='word_1_70' title='bbox 426 993 594 1066; x_wconf 84' lang='grc' dir='ltr'><strong><em>συνουσίας.</em></strong></span> <span class='ocrx_word' id='word_1_71' title='bbox 628 992 674 1054; x_wconf 81' lang='grc' dir='ltr'><strong><em>ότι</em></strong></span> <span class='ocrx_word' id='word_1_72' title='bbox 687 989 719 1053; x_wconf 81' lang='grc' dir='ltr'><strong><em>δὲ</em></strong></span> <span class='ocrx_word' id='word_1_73' title='bbox 734 992 765 1052; x_wconf 82' lang='grc' dir='ltr'><strong><em>οἶ</em></strong></span> <span class='ocrx_word' id='word_1_74' title='bbox 776 991 908 1071; x_wconf 81' lang='grc' dir='ltr'><strong><em>Σάτυροι</em></strong></span> <span class='ocrx_word' id='word_1_75' title='bbox 921 999 1062 1071; x_wconf 81' lang='grc' dir='ltr'><strong><em>τοιοῦτοι,</em></strong></span> <span class='ocrx_word' id='word_1_76' title='bbox 1081 992 1177 1072; x_wconf 80' lang='grc' dir='ltr'><strong><em>δῆλον</em></strong></span> 
     </span>
     <span class='ocr_line' id='line_1_10' title="bbox 155 1086 1176 1172; baseline 0.003 -24"><span class='ocrx_word' id='word_1_77' title='bbox 155 1086 215 1150; x_wconf 80' lang='grc' dir='ltr'><strong><em>ἀπὸ</em></strong></span> <span class='ocrx_word' id='word_1_78' title='bbox 233 1099 286 1150; x_wconf 79' lang='grc' dir='ltr'><strong><em>τοῦ</em></strong></span> <span class='ocrx_word' id='word_1_79' title='bbox 306 1087 462 1169; x_wconf 83' lang='grc' dir='ltr'><strong><em>ὀνόματος·</em></strong></span> <span class='ocrx_word' id='word_1_80' title='bbox 483 1089 541 1151; x_wconf 81' lang='grc' dir='ltr'><strong><em>ἀπὸ</em></strong></span> <span class='ocrx_word' id='word_1_81' title='bbox 560 1089 615 1172; x_wconf 77' lang='grc' dir='ltr'><strong><em>γὰρ</em></strong></span> <span class='ocrx_word' id='word_1_82' title='bbox 633 1099 687 1170; x_wconf 78' lang='grc' dir='ltr'><strong><em>τῆς</em></strong></span> <span class='ocrx_word' id='word_1_83' title='bbox 706 1090 805 1167; x_wconf 79' lang='grc' dir='ltr'><em>σάθης</em></span> <span class='ocrx_word' id='word_1_84' title='bbox 821 1089 979 1168; x_wconf 83' lang='grc' dir='ltr'><strong><em>πεποίηται</em></strong></span> <span class='ocrx_word' id='word_1_85' title='bbox 993 1086 1010 1150; x_wconf 88' lang='grc' dir='ltr'><strong><em>δ</em></strong></span> <span class='ocrx_word' id='word_1_86' title='bbox 1025 1088 1176 1172; x_wconf 78' lang='grc' dir='ltr'><strong><em>Σάτυρος,</em></strong></span> 
     </span>
     <span class='ocr_line' id='line_1_11' title="bbox 156 1185 1206 1269; baseline 0.004 -24"><span class='ocrx_word' id='word_1_87' title='bbox 156 1186 237 1265; x_wconf 65' lang='lat' dir='ltr'><strong>odda</strong></span> <span class='ocrx_word' id='word_1_88' title='bbox 257 1185 289 1248; x_wconf 82' lang='grc' dir='ltr'><strong><em>δὲ</em></strong></span> <span class='ocrx_word' id='word_1_89' title='bbox 308 1185 327 1266; x_wconf 76' lang='grc' dir='ltr'>ἡ</span> <span class='ocrx_word' id='word_1_90' title='bbox 347 1188 389 1262; x_wconf 83' lang='grc' dir='ltr'><strong><em>εἰς</em></strong></span> <span class='ocrx_word' id='word_1_91' title='bbox 407 1188 462 1268; x_wconf 71' lang='grc' dir='ltr'><strong><em>τὴν</em></strong></span> <span class='ocrx_word' id='word_1_92' title='bbox 481 1187 645 1269; x_wconf 79' lang='grc' dir='ltr'><strong><em>ἐπιθυμίαν</em></strong></span> <span class='ocrx_word' id='word_1_93' title='bbox 664 1187 835 1266; x_wconf 80' lang='grc' dir='ltr'><strong><em>ἐκπύρωσις.</em></strong></span> <span class='ocrx_word' id='word_1_94' title='bbox 1186 1208 1206 1249; x_wconf 86' lang='grc' dir='ltr'><strong><em>ιι</em></strong></span> 
     </span>
     <span class='ocr_line' id='line_1_12' title="bbox 49 1287 1176 1375; baseline 0.004 -23"><span class='ocrx_word' id='word_1_95' title='bbox 49 1307 148 1353; x_wconf 73' lang='lat' dir='ltr'><strong><em>xum</em></strong></span> <span class='ocrx_word' id='word_1_96' title='bbox 224 1296 244 1354; x_wconf 85' lang='lat' dir='ltr'><strong><em>f.</em></strong></span> <span class='ocrx_word' id='word_1_97' title='bbox 267 1296 565 1375; x_wconf 75' lang='grc' dir='ltr'><strong><em>κακοκνολμοισινε</em></strong></span> <span class='ocrx_word' id='word_1_98' title='bbox 592 1294 692 1373; x_wconf 79' lang='grc' dir='ltr'><strong><em>ἐπειδὴ</em></strong></span> <span class='ocrx_word' id='word_1_99' title='bbox 723 1291 806 1374; x_wconf 80' lang='grc' dir='ltr'><strong><em>&lt;δις&gt;</em></strong></span> <span class='ocrx_word' id='word_1_100' title='bbox 833 1293 868 1353; x_wconf 84' lang='grc' dir='ltr'><strong><em>αἱ</em></strong></span> <span class='ocrx_word' id='word_1_101' title='bbox 890 1287 970 1375; x_wconf 69' lang='grc' dir='ltr'><strong><em>αἶγες</em></strong></span> <span class='ocrx_word' id='word_1_102' title='bbox 997 1293 1100 1374; x_wconf 79' lang='grc' dir='ltr'><strong><em>ἔχουσι</em></strong></span> <span class='ocrx_word' id='word_1_103' title='bbox 1127 1300 1176 1356; x_wconf 85' lang='grc' dir='ltr'><strong><em>λα·</em></strong></span> 
     </span>
     <span class='ocr_line' id='line_1_13' title="bbox 156 1391 894 1474; baseline 0.003 -23"><span class='ocrx_word' id='word_1_104' title='bbox 156 1392 240 1464; x_wconf 86' lang='grc' dir='ltr'><strong><em>σίους</em></strong></span> <span class='ocrx_word' id='word_1_105' title='bbox 257 1393 366 1465; x_wconf 82' lang='grc' dir='ltr'><strong><em>πόδας.’</em></strong></span> <span class='ocrx_word' id='word_1_106' title='bbox 394 1391 413 1471; x_wconf 72' lang='grc' dir='ltr'>ἢ</span> <span class='ocrx_word' id='word_1_107' title='bbox 432 1392 492 1454; x_wconf 85' lang='grc' dir='ltr'><strong><em>ἀπὸ</em></strong></span> <span class='ocrx_word' id='word_1_108' title='bbox 510 1403 569 1454; x_wconf 81' lang='grc' dir='ltr'><strong><em>τῶν</em></strong></span> <span class='ocrx_word' id='word_1_109' title='bbox 588 1391 666 1474; x_wconf 83' lang='grc' dir='ltr'><strong><em>ὀρῶν</em></strong></span> <span class='ocrx_word' id='word_1_110' title='bbox 684 1402 743 1454; x_wconf 85' lang='grc' dir='ltr'><strong><em>τῶν</em></strong></span> <span class='ocrx_word' id='word_1_111' title='bbox 761 1403 894 1474; x_wconf 79' lang='grc' dir='ltr'><strong><em>κνημῶν.</em></strong></span> 
     </span>
     <span class='ocr_line' id='line_1_14' title="bbox 61 1487 837 1572; baseline 0.008 -25"><span class='ocrx_word' id='word_1_112' title='bbox 61 1493 146 1548; x_wconf 69' lang='grc' dir='ltr'><strong><em>λυἘε</em></strong></span> <span class='ocrx_word' id='word_1_113' title='bbox 223 1513 251 1570; x_wconf 79' lang='lat' dir='ltr'><strong><em>g.</em></strong></span> <span class='ocrx_word' id='word_1_114' title='bbox 274 1487 617 1571; x_wconf 74' lang='grc' dir='ltr'><strong><em>&lt;κακοκνάμοισινι&gt;</em></strong></span> <span class='ocrx_word' id='word_1_115' title='bbox 636 1490 837 1572; x_wconf 81' lang='grc' dir='ltr'><strong><em>κακοδόρμοις.</em></strong></span> 
     </span>
    </p>
   </div>
   <div class='ocr_carea' id='block_1_3' title="bbox 316 1846 1010 1941">
    <p class='ocr_par' dir='ltr' id='par_1_3' title="bbox 316 1846 1010 1941">
     <span class='ocr_line' id='line_1_15' title="bbox 316 1846 1010 1941; baseline -0.004 -21"><span class='ocrx_word' id='word_1_116' title='bbox 316 1846 358 1920; x_wconf 86' lang='lat' dir='ltr'><strong><em>V.</em></strong></span> <span class='ocrx_word' id='word_1_117' title='bbox 387 1846 623 1919; x_wconf 82' lang='grc' dir='ltr'><strong><em>Αίπολικὸν</em></strong></span> <span class='ocrx_word' id='word_1_118' title='bbox 651 1849 719 1918; x_wconf 88' lang='grc' dir='ltr'><strong><em>καὶ</em></strong></span> <span class='ocrx_word' id='word_1_119' title='bbox 748 1847 1010 1941; x_wconf 84' lang='grc' dir='ltr'><strong><em>Ποιμενικόν</em></strong></span> 
     </span>
    </p>
   </div>
   <div class='ocr_carea' id='block_1_4' title="bbox 130 2038 1205 2332">
    <p class='ocr_par' dir='ltr' id='par_1_4' title="bbox 130 2038 1205 2332">
     <span class='ocr_line' id='line_1_16' title="bbox 130 2038 1205 2125; baseline 0.001 -23"><span class='ocrx_word' id='word_1_120' title='bbox 130 2059 146 2102; x_wconf 81' lang='grc' dir='ltr'><strong><em>κ</em></strong></span> <span class='ocrx_word' id='word_1_121' title='bbox 224 2065 249 2106; x_wconf 90' lang='lat' dir='ltr'><strong><em>a.</em></strong></span> <span class='ocrx_word' id='word_1_122' title='bbox 274 2044 406 2118; x_wconf 79' lang='grc' dir='ltr'><strong><em>Αἶπόλος</em></strong></span> <span class='ocrx_word' id='word_1_123' title='bbox 424 2043 474 2105; x_wconf 81' lang='grc' dir='ltr'><strong><em>καὶ</em></strong></span> <span class='ocrx_word' id='word_1_124' title='bbox 492 2043 605 2124; x_wconf 78' lang='grc' dir='ltr'><strong><em>ποιμὴν</em></strong></span> <span class='ocrx_word' id='word_1_125' title='bbox 628 2040 676 2104; x_wconf 82' lang='grc' dir='ltr'><strong><em>ε’πλ</em></strong></span> <span class='ocrx_word' id='word_1_126' title='bbox 692 2038 813 2116; x_wconf 82' lang='grc' dir='ltr'><strong><em>Ἰταλίας</em></strong></span> <span class='ocrx_word' id='word_1_127' title='bbox 831 2041 967 2121; x_wconf 78' lang='grc' dir='ltr'><strong><em>ἀλλήλοις</em></strong></span> <span class='ocrx_word' id='word_1_128' title='bbox 989 2041 1205 2125; x_wconf 74' lang='grc' dir='ltr'><strong><em>διαλέγονταιιι</em></strong></span> 
     </span>
     <span class='ocr_line' id='line_1_17' title="bbox 156 2137 1173 2224; baseline -0.001 -21"><span class='ocrx_word' id='word_1_129' title='bbox 156 2137 196 2203; x_wconf 86' lang='grc' dir='ltr'><strong><em>δι’</em></strong></span> <span class='ocrx_word' id='word_1_130' title='bbox 222 2141 389 2222; x_wconf 82' lang='grc' dir='ltr'><strong><em>ἀμοιβαίων</em></strong></span> <span class='ocrx_word' id='word_1_131' title='bbox 413 2142 666 2224; x_wconf 81' lang='grc' dir='ltr'><strong><em>δραματικώτερον</em></strong></span> <span class='ocrx_word' id='word_1_132' title='bbox 690 2150 744 2202; x_wconf 82' lang='grc' dir='ltr'><strong><em>τοῦ</em></strong></span> <span class='ocrx_word' id='word_1_133' title='bbox 767 2149 923 2220; x_wconf 79' lang='grc' dir='ltr'><strong><em>ποιητικοῦ</em></strong></span> <span class='ocrx_word' id='word_1_134' title='bbox 946 2140 1110 2223; x_wconf 84' lang='grc' dir='ltr'><strong><em>προσώπου</em></strong></span> <span class='ocrx_word' id='word_1_135' title='bbox 1133 2140 1173 2222; x_wconf 79' lang='grc' dir='ltr'><strong><em>μὴ</em></strong></span> 
     </span>
     <span class='ocr_line' id='line_1_18' title="bbox 156 2238 1174 2332; baseline 0.001 -32"><span class='ocrx_word' id='word_1_136' title='bbox 156 2240 440 2320; x_wconf 79' lang='grc' dir='ltr'><strong><em>σονεκφαινομὲνον.</em></strong></span> <span class='ocrx_word' id='word_1_137' title='bbox 473 2240 595 2332; x_wconf 82' lang='grc' dir='ltr'><strong><em>αἰπόλος</em></strong></span> <span class='ocrx_word' id='word_1_138' title='bbox 619 2238 634 2301; x_wconf 90' lang='grc' dir='ltr'><strong><em>δ</em></strong></span> <span class='ocrx_word' id='word_1_139' title='bbox 656 2239 797 2319; x_wconf 76' lang='grc' dir='ltr'><strong><em>Κομοόιοις</em></strong></span> <span class='ocrx_word' id='word_1_140' title='bbox 814 2239 943 2321; x_wconf 78' lang='grc' dir='ltr'><strong><em>Εὐμάρα</em></strong></span> <span class='ocrx_word' id='word_1_141' title='bbox 965 2246 1019 2298; x_wconf 80' lang='grc' dir='ltr'><strong><em>τοῦ</em></strong></span> <span class='ocrx_word' id='word_1_142' title='bbox 1037 2240 1174 2322; x_wconf 83' lang='grc' dir='ltr'><strong><em>Συβαρί-</em></strong></span> 
     </span>
    </p>
   </div>
   <div class='ocr_carea' id='block_1_5' title="bbox 156 2404 1174 2622">
    <p class='ocr_par' dir='ltr' id='par_1_5' title="bbox 156 2404 1174 2622">
     <span class='ocr_line' id='line_1_19' title="bbox 227 2404 1174 2480; baseline 0.005 -17"><span class='ocrx_word' id='word_1_143' title='bbox 227 2421 256 2463; x_wconf 80' lang='lat' dir='ltr'><strong><em>1c</em></strong></span> <span class='ocrx_word' id='word_1_144' title='bbox 275 2404 626 2480; x_wconf 76' lang='lat' dir='ltr'><strong>ServjVerg.Buc.1111:</strong></span> <span class='ocrx_word' id='word_1_145' title='bbox 646 2410 801 2465; x_wconf 75' lang='lat' dir='ltr'><strong>dramatico</strong></span> <span class='ocrx_word' id='word_1_146' title='bbox 822 2411 984 2464; x_wconf 73' lang='lat' dir='ltr'><strong>charactere</strong></span> <span class='ocrx_word' id='word_1_147' title='bbox 1003 2411 1113 2480; x_wconf 76' lang='lat' dir='ltr'><strong>scripta</strong></span> <span class='ocrx_word' id='word_1_148' title='bbox 1131 2412 1174 2468; x_wconf 72' lang='lat' dir='ltr'><strong><em>eet</em></strong></span> 
     </span>
     <span class='ocr_line' id='line_1_20' title="bbox 156 2481 1174 2552; baseline 0.003 -16"><span class='ocrx_word' id='word_1_149' title='bbox 156 2481 287 2551; x_wconf 82' lang='lat' dir='ltr'><strong>(ecloga);</strong></span> <span class='ocrx_word' id='word_1_150' title='bbox 306 2500 372 2535; x_wconf 91' lang='lat' dir='ltr'><strong><em>nam</em></strong></span> <span class='ocrx_word' id='word_1_151' title='bbox 390 2500 530 2551; x_wconf 75' lang='lat' dir='ltr'><strong>nusquam</strong></span> <span class='ocrx_word' id='word_1_152' title='bbox 548 2486 634 2552; x_wconf 90' lang='lat' dir='ltr'><strong>poeta</strong></span> <span class='ocrx_word' id='word_1_153' title='bbox 651 2482 785 2550; x_wconf 86' lang='lat' dir='ltr'><strong>loquitur,</strong></span> <span class='ocrx_word' id='word_1_154' title='bbox 804 2482 854 2536; x_wconf 79' lang='lat' dir='ltr'><strong><em>red</em></strong></span> <span class='ocrx_word' id='word_1_155' title='bbox 867 2481 1046 2537; x_wconf 75' lang='lat' dir='ltr'><strong>introductae</strong></span> <span class='ocrx_word' id='word_1_156' title='bbox 1060 2485 1174 2539; x_wconf 75' lang='lat' dir='ltr'><strong>tantm</strong></span> 
     </span>
     <span class='ocr_line' id='line_1_21' title="bbox 156 2552 475 2622; baseline 0.006 -17"><span class='ocrx_word' id='word_1_157' title='bbox 156 2568 301 2622; x_wconf 81' lang='lat' dir='ltr'><strong>personae.</strong></span> <span class='ocrx_word' id='word_1_158' title='bbox 356 2552 394 2606; x_wconf 90' lang='lat' dir='ltr'><strong><em>ib.</em></strong></span> <span class='ocrx_word' id='word_1_159' title='bbox 409 2553 446 2606; x_wconf 83' lang='lat' dir='ltr'><strong><em>IX</em></strong></span> <span class='ocrx_word' id='word_1_160' title='bbox 461 2561 475 2607; x_wconf 89' lang='lat'>1</span> 
     </span>
    </p>
   </div>
   <div class='ocr_carea' id='block_1_6' title="bbox 156 2714 1172 2926">
    <p class='ocr_par' dir='ltr' id='par_1_6' title="bbox 156 2714 1172 2926">
     <span class='ocr_line' id='line_1_22' title="bbox 228 2714 1172 2784; baseline 0.004 -17"><span class='ocrx_word' id='word_1_161' title='bbox 228 2724 242 2766; x_wconf 71' lang='lat'>2</span> <span class='ocrx_word' id='word_1_162' title='bbox 260 2714 309 2767; x_wconf 83' lang='grc' dir='ltr'><strong><em>καλ</em></strong></span> <span class='ocrx_word' id='word_1_163' title='bbox 328 2714 380 2782; x_wconf 81' lang='grc' dir='ltr'><strong><em>γὰρ</em></strong></span> <span class='ocrx_word' id='word_1_164' title='bbox 400 2729 477 2783; x_wconf 79' lang='lat' dir='ltr'><strong>seqq.</strong></span> <span class='ocrx_word' id='word_1_165' title='bbox 493 2731 546 2767; x_wconf 88' lang='lat' dir='ltr'><strong><em>om.</em></strong></span> <span class='ocrx_word' id='word_1_166' title='bbox 562 2720 608 2767; x_wconf 80' lang='lat' dir='ltr'><strong><em>GE</em></strong></span> <span class='ocrx_word' id='word_1_167' title='bbox 681 2725 695 2767; x_wconf 79' lang='lat'>4</span> <span class='ocrx_word' id='word_1_168' title='bbox 713 2716 779 2776; x_wconf 73' lang='grc' dir='ltr'><strong><em>τοὺς</em></strong></span> <span class='ocrx_word' id='word_1_169' title='bbox 797 2715 1172 2784; x_wconf 79' lang='grc' dir='ltr'><strong><em>Πᾶνας-φησλν-Σατό·</em></strong></span> 
     </span>
     <span class='ocr_line' id='line_1_23' title="bbox 157 2784 1171 2854; baseline 0.001 -15"><span class='ocrx_word' id='word_1_170' title='bbox 157 2805 223 2850; x_wconf 86' lang='grc' dir='ltr'><strong><em>ρονς</em></strong></span> <span class='ocrx_word' id='word_1_171' title='bbox 242 2784 363 2839; x_wconf 75' lang='lat' dir='ltr'><strong>Ahrens:</strong></span> <span class='ocrx_word' id='word_1_172' title='bbox 382 2785 448 2846; x_wconf 78' lang='grc' dir='ltr'><strong><em>τοὺς</em></strong></span> <span class='ocrx_word' id='word_1_173' title='bbox 467 2785 889 2854; x_wconf 78' lang='grc' dir='ltr'><strong><em>Σατόρονς-φασλν-Πᾶνας</em></strong></span> <span class='ocrx_word' id='word_1_174' title='bbox 907 2786 987 2841; x_wconf 83' lang='lat' dir='ltr'><strong>codd.</strong></span> <span class='ocrx_word' id='word_1_175' title='bbox 1060 2797 1088 2840; x_wconf 92' lang='lat'><strong><em>11</em></strong></span> <span class='ocrx_word' id='word_1_176' title='bbox 1106 2787 1171 2842; x_wconf 76' lang='lat' dir='ltr'><strong>edd.</strong></span> 
     </span>
     <span class='ocr_line' id='line_1_24' title="bbox 156 2853 666 2926; baseline 0.002 -17"><span class='ocrx_word' id='word_1_177' title='bbox 156 2855 288 2910; x_wconf 85' lang='lat' dir='ltr'><strong>Duebner</strong></span> <span class='ocrx_word' id='word_1_178' title='bbox 359 2867 387 2909; x_wconf 75' lang='lat'><strong><em>12</em></strong></span> <span class='ocrx_word' id='word_1_179' title='bbox 406 2853 424 2924; x_wconf 79' lang='grc' dir='ltr'><strong>ἢ</strong></span> <span class='ocrx_word' id='word_1_180' title='bbox 443 2862 474 2910; x_wconf 75' lang='lat' dir='ltr'><strong><em>T:</em></strong></span> <span class='ocrx_word' id='word_1_181' title='bbox 494 2855 582 2926; x_wconf 76' lang='grc' dir='ltr'><strong><em>ἤγουν</em></strong></span> <span class='ocrx_word' id='word_1_182' title='bbox 601 2859 666 2912; x_wconf 83' lang='lat' dir='ltr'><strong>cett.</strong></span> 
     </span>
    </p>
   </div>
   <div class='ocr_carea' id='block_1_7' title="bbox 155 2944 1173 3586">
    <p class='ocr_par' dir='ltr' id='par_1_7' title="bbox 155 2944 1173 3586">
     <span class='ocr_line' id='line_1_25' title="bbox 227 2944 1171 3016; baseline 0.004 -18"><span class='ocrx_word' id='word_1_183' title='bbox 227 2945 297 3000; x_wconf 79' lang='lat' dir='ltr'><strong>Tit:</strong></span> <span class='ocrx_word' id='word_1_184' title='bbox 316 2946 382 3000; x_wconf 86' lang='grc' dir='ltr'><strong><em>Αἰπ.</em></strong></span> <span class='ocrx_word' id='word_1_185' title='bbox 397 2947 446 3000; x_wconf 84' lang='grc' dir='ltr'><strong><em>καλ</em></strong></span> <span class='ocrx_word' id='word_1_186' title='bbox 460 2950 542 3015; x_wconf 90' lang='grc' dir='ltr'><strong><em>Ποιμ.</em></strong></span> <span class='ocrx_word' id='word_1_187' title='bbox 559 2963 618 3016; x_wconf 68' lang='grc' dir='ltr'><strong><em>ιτς.</em></strong></span> <span class='ocrx_word' id='word_1_188' title='bbox 632 2947 681 3013; x_wconf 85' lang='lat' dir='ltr'><strong><em>bo,</em></strong></span> <span class='ocrx_word' id='word_1_189' title='bbox 700 2947 757 3000; x_wconf 85' lang='lat' dir='ltr'><strong>ech.</strong></span> <span class='ocrx_word' id='word_1_190' title='bbox 772 2945 823 3000; x_wconf 90' lang='lat' dir='ltr'><strong><em>VH</em></strong></span> <span class='ocrx_word' id='word_1_191' title='bbox 837 2946 909 3000; x_wconf 76' lang='lat' dir='ltr'><strong>arb:</strong></span> <span class='ocrx_word' id='word_1_192' title='bbox 929 2944 1084 3014; x_wconf 78' lang='grc' dir='ltr'><strong><em>ὁδοιπόροι.</em></strong></span> <span class='ocrx_word' id='word_1_193' title='bbox 1111 2948 1171 3002; x_wconf 80' lang='grc' dir='ltr'><strong><em>αλιι.</em></strong></span> 
     </span>
     <span class='ocr_line' id='line_1_26' title="bbox 155 3015 1171 3088; baseline 0.005 -19"><span class='ocrx_word' id='word_1_194' title='bbox 155 3034 231 3082; x_wconf 89' lang='grc' dir='ltr'><strong><em>ποιμ.</em></strong></span> <span class='ocrx_word' id='word_1_195' title='bbox 257 3018 454 3087; x_wconf 83' lang='grc' dir='ltr'><strong><em>βονκολιασταλ</em></strong></span> <span class='ocrx_word' id='word_1_196' title='bbox 478 3015 584 3085; x_wconf 82' lang='grc' dir='ltr'><strong><em>δωρίδι.</em></strong></span> <span class='ocrx_word' id='word_1_197' title='bbox 618 3015 735 3080; x_wconf 83' lang='grc' dir='ltr'><strong><em>αἰπόλος</em></strong></span> <span class='ocrx_word' id='word_1_198' title='bbox 757 3017 890 3088; x_wconf 78' lang='grc' dir='ltr'><strong><em>Κομολτας</em></strong></span> <span class='ocrx_word' id='word_1_199' title='bbox 912 3025 947 3069; x_wconf 74' lang='lat'><strong><em>1²</em></strong></span> <span class='ocrx_word' id='word_1_200' title='bbox 970 3021 1005 3087; x_wconf 84' lang='lat' dir='ltr'><strong><em>(v.</em></strong></span> <span class='ocrx_word' id='word_1_201' title='bbox 1021 3018 1109 3073; x_wconf 84' lang='lat' dir='ltr'><strong>etiam</strong></span> <span class='ocrx_word' id='word_1_202' title='bbox 1126 3020 1171 3076; x_wconf 86' lang='lat' dir='ltr'><strong>tit.</strong></span> 
     </span>
     <span class='ocr_line' id='line_1_27' title="bbox 156 3086 1171 3159; baseline 0.008 -21"><span class='ocrx_word' id='word_1_203' title='bbox 156 3086 268 3156; x_wconf 82' lang='lat' dir='ltr'><strong>id.1V):</strong></span> <span class='ocrx_word' id='word_1_204' title='bbox 293 3086 444 3157; x_wconf 83' lang='grc' dir='ltr'><strong><em>δδοιπόρος</em></strong></span> <span class='ocrx_word' id='word_1_205' title='bbox 462 3091 492 3144; x_wconf 80' lang='grc' dir='ltr'><strong><em>ἐν</em></strong></span> <span class='ocrx_word' id='word_1_206' title='bbox 511 3086 618 3156; x_wconf 80' lang='grc' dir='ltr'><strong><em>δορόδι.</em></strong></span> <span class='ocrx_word' id='word_1_207' title='bbox 638 3089 697 3143; x_wconf 81' lang='grc' dir='ltr'><strong><em>αλιι.</em></strong></span> <span class='ocrx_word' id='word_1_208' title='bbox 714 3108 791 3158; x_wconf 88' lang='grc' dir='ltr'><strong><em>ποιμ.</em></strong></span> <span class='ocrx_word' id='word_1_209' title='bbox 807 3093 877 3159; x_wconf 86' lang='grc' dir='ltr'><strong><em>Κομ.</em></strong></span> <span class='ocrx_word' id='word_1_210' title='bbox 896 3089 945 3143; x_wconf 76' lang='grc' dir='ltr'><strong><em>καὶ</em></strong></span> <span class='ocrx_word' id='word_1_211' title='bbox 959 3088 1071 3145; x_wconf 80' lang='grc' dir='ltr'><strong><em>Λάκων.</em></strong></span> <span class='ocrx_word' id='word_1_212' title='bbox 1103 3109 1171 3158; x_wconf 71' lang='grc' dir='ltr'><strong><em>προ-</em></strong></span> 
     </span>
     <span class='ocr_line' id='line_1_28' title="bbox 155 3155 1172 3232; baseline 0.006 -21"><span class='ocrx_word' id='word_1_213' title='bbox 155 3155 255 3226; x_wconf 76' lang='grc' dir='ltr'><strong><em>λογόζει</em></strong></span> <span class='ocrx_word' id='word_1_214' title='bbox 278 3156 395 3222; x_wconf 75' lang='grc' dir='ltr'><strong><em>αἰπόλος</em></strong></span> <span class='ocrx_word' id='word_1_215' title='bbox 418 3165 487 3230; x_wconf 89' lang='grc' dir='ltr'><strong><em>Κομ.</em></strong></span> <span class='ocrx_word' id='word_1_216' title='bbox 512 3166 545 3214; x_wconf 77' lang='lat' dir='ltr'><strong><em>G:</em></strong></span> <span class='ocrx_word' id='word_1_217' title='bbox 569 3157 717 3226; x_wconf 80' lang='grc' dir='ltr'><strong><em>ὁδοιπόροι</em></strong></span> <span class='ocrx_word' id='word_1_218' title='bbox 738 3159 845 3228; x_wconf 84' lang='grc' dir='ltr'><strong><em>δωρόδι.</em></strong></span> <span class='ocrx_word' id='word_1_219' title='bbox 870 3160 930 3214; x_wconf 84' lang='grc' dir='ltr'><strong><em>αἰπ.</em></strong></span> <span class='ocrx_word' id='word_1_220' title='bbox 944 3179 1021 3228; x_wconf 91' lang='grc' dir='ltr'><strong><em>ποιμ.</em></strong></span> <span class='ocrx_word' id='word_1_221' title='bbox 1036 3166 1109 3232; x_wconf 87' lang='grc' dir='ltr'><strong><em>Κομ.</em></strong></span> <span class='ocrx_word' id='word_1_222' title='bbox 1124 3163 1172 3217; x_wconf 81' lang='grc' dir='ltr'><strong><em>κοιλ</em></strong></span> 
     </span>
     <span class='ocr_line' id='line_1_29' title="bbox 155 3228 1172 3303; baseline 0.007 -21"><span class='ocrx_word' id='word_1_223' title='bbox 155 3228 226 3282; x_wconf 74' lang='lat' dir='ltr'><strong>Actu.</strong></span> <span class='ocrx_word' id='word_1_224' title='bbox 245 3233 279 3282; x_wconf 80' lang='lat' dir='ltr'><strong><em>U:</em></strong></span> <span class='ocrx_word' id='word_1_225' title='bbox 304 3230 396 3286; x_wconf 88' lang='grc' dir='ltr'><strong><em>δδοιπ.</em></strong></span> <span class='ocrx_word' id='word_1_226' title='bbox 411 3229 524 3299; x_wconf 82' lang='grc' dir='ltr'><strong><em>δωριστί</em></strong></span> <span class='ocrx_word' id='word_1_227' title='bbox 541 3237 576 3284; x_wconf 77' lang='lat' dir='ltr'><strong><em>A:</em></strong></span> <span class='ocrx_word' id='word_1_228' title='bbox 600 3233 711 3303; x_wconf 79' lang='grc' dir='ltr'><strong><em>βονκολ.</em></strong></span> <span class='ocrx_word' id='word_1_229' title='bbox 726 3236 796 3301; x_wconf 87' lang='grc' dir='ltr'><strong><em>Κομ.</em></strong></span> <span class='ocrx_word' id='word_1_230' title='bbox 815 3232 874 3301; x_wconf 77' lang='grc' dir='ltr'><strong><em>(καὶ</em></strong></span> <span class='ocrx_word' id='word_1_231' title='bbox 893 3231 957 3286; x_wconf 79' lang='lat' dir='ltr'><strong>add.</strong></span> <span class='ocrx_word' id='word_1_232' title='bbox 975 3234 1004 3301; x_wconf 73' lang='grc' dir='ltr'><strong><em>Τ)</em></strong></span> <span class='ocrx_word' id='word_1_233' title='bbox 1026 3231 1097 3288; x_wconf 75' lang='lat' dir='ltr'><strong>Actu.</strong></span> <span class='ocrx_word' id='word_1_234' title='bbox 1118 3236 1172 3288; x_wconf 84' lang='grc' dir='ltr'><strong><em>διι·</em></strong></span> 
     </span>
     <span class='ocr_line' id='line_1_30' title="bbox 156 3298 1172 3376; baseline 0.006 -22"><span class='ocrx_word' id='word_1_235' title='bbox 156 3298 222 3368; x_wconf 84' lang='grc' dir='ltr'><strong><em>ρόδι.</em></strong></span> <span class='ocrx_word' id='word_1_236' title='bbox 238 3300 298 3355; x_wconf 81' lang='grc' dir='ltr'><strong><em>αἰπ.</em></strong></span> <span class='ocrx_word' id='word_1_237' title='bbox 313 3303 361 3355; x_wconf 83' lang='grc' dir='ltr'><strong><em>καὶ</em></strong></span> <span class='ocrx_word' id='word_1_238' title='bbox 374 3321 452 3371; x_wconf 87' lang='grc' dir='ltr'><strong><em>ποιμ.</em></strong></span> <span class='ocrx_word' id='word_1_239' title='bbox 467 3309 524 3355; x_wconf 78' lang='lat' dir='ltr'><strong><em>Pr:</em></strong></span> <span class='ocrx_word' id='word_1_240' title='bbox 544 3320 597 3356; x_wconf 89' lang='lat' dir='ltr'><strong><em>om.</em></strong></span> <span class='ocrx_word' id='word_1_241' title='bbox 612 3308 633 3354; x_wconf 80' lang='grc' dir='ltr'><strong>Ε</strong></span> <span class='ocrx_word' id='word_1_242' title='bbox 705 3313 734 3356; x_wconf 78' lang='lat'><strong><em>15</em></strong></span> <span class='ocrx_word' id='word_1_243' title='bbox 748 3301 854 3376; x_wconf 75' lang='grc' dir='ltr'><strong><em>Ἰταλίᾳ</em></strong></span> <span class='ocrx_word' id='word_1_244' title='bbox 868 3303 939 3369; x_wconf 80' lang='lat' dir='ltr'><strong>cod,</strong></span> <span class='ocrx_word' id='word_1_245' title='bbox 958 3303 1172 3360; x_wconf 84' lang='lat' dir='ltr'><strong>corr.Wilamo-</strong></span> 
     </span>
     <span class='ocr_line' id='line_1_31' title="bbox 155 3371 1173 3449; baseline 0.006 -24"><span class='ocrx_word' id='word_1_246' title='bbox 155 3372 220 3425; x_wconf 85' lang='lat' dir='ltr'><strong>witz</strong></span> <span class='ocrx_word' id='word_1_247' title='bbox 264 3371 456 3442; x_wconf 80' lang='grc' dir='ltr'><strong><em>διαλεγόμενοι</em></strong></span> <span class='ocrx_word' id='word_1_248' title='bbox 470 3374 541 3440; x_wconf 83' lang='grc' dir='ltr'><strong><em>οοδ.,</em></strong></span> <span class='ocrx_word' id='word_1_249' title='bbox 555 3391 624 3428; x_wconf 85' lang='lat' dir='ltr'><strong>corr.</strong></span> <span class='ocrx_word' id='word_1_250' title='bbox 635 3373 744 3442; x_wconf 83' lang='lat' dir='ltr'><strong>Zieglcr</strong></span> <span class='ocrx_word' id='word_1_251' title='bbox 810 3384 839 3427; x_wconf 78' lang='lat' dir='ltr'><strong><em>lo</em></strong></span> <span class='ocrx_word' id='word_1_252' title='bbox 858 3376 1103 3442; x_wconf 81' lang='grc' dir='ltr'><strong><em>δραματικὼτερον</em></strong></span> <span class='ocrx_word' id='word_1_253' title='bbox 1118 3374 1173 3449; x_wconf 77' lang='grc' dir='ltr'><strong><em>(δέ</em></strong></span> 
     </span>
     <span class='ocr_line' id='line_1_32' title="bbox 155 3441 1172 3517; baseline 0.003 -18"><span class='ocrx_word' id='word_1_254' title='bbox 155 3441 262 3499; x_wconf 76' lang='grc' dir='ltr'><strong><em>ἔστιτὸ</em></strong></span> <span class='ocrx_word' id='word_1_255' title='bbox 281 3444 442 3517; x_wconf 60' lang='lat' dir='ltr'><strong>scaettae&gt;</strong></span> <span class='ocrx_word' id='word_1_256' title='bbox 461 3445 582 3515; x_wconf 81' lang='lat' dir='ltr'><strong>Zicgler:</strong></span> <span class='ocrx_word' id='word_1_257' title='bbox 603 3448 781 3515; x_wconf 60' lang='lat' dir='ltr'><strong><em>deceperuntte</em></strong></span> <span class='ocrx_word' id='word_1_258' title='bbox 798 3463 827 3499; x_wconf 80' lang='lat' dir='ltr'><strong><em>re</em></strong></span> <span class='ocrx_word' id='word_1_259' title='bbox 846 3445 907 3500; x_wconf 89' lang='lat' dir='ltr'><strong>cod.</strong></span> <span class='ocrx_word' id='word_1_260' title='bbox 988 3455 1016 3499; x_wconf 69' lang='lat' dir='ltr'><strong><em>lt</em></strong></span> <span class='ocrx_word' id='word_1_261' title='bbox 1036 3445 1172 3516; x_wconf 76' lang='grc' dir='ltr'><strong><em>Εόμάρον</em></strong></span> 
     </span>
     <span class='ocr_line' id='line_1_33' title="bbox 156 3515 438 3586; baseline 0.004 -18"><span class='ocrx_word' id='word_1_262' title='bbox 156 3515 226 3583; x_wconf 82' lang='lat' dir='ltr'><strong>cod,</strong></span> <span class='ocrx_word' id='word_1_263' title='bbox 244 3533 313 3570; x_wconf 85' lang='lat' dir='ltr'><strong>corr.</strong></span> <span class='ocrx_word' id='word_1_264' title='bbox 329 3515 438 3586; x_wconf 84' lang='lat' dir='ltr'><strong>Ziegler</strong></span> 
     </span>
    </p>
   </div>
   <div class='ocr_carea' id='block_1_8' title="bbox 0 0 1224 3870">
    <p class='ocr_par' dir='ltr' id='par_1_8' title="bbox 0 0 1224 3870">
     <span class='ocr_line' id='line_1_34' title="bbox 0 0 1224 3870; baseline 0 0"><span class='ocrx_word' id='word_1_265' title='bbox 0 0 1224 3870; x_wconf 95' lang='lat' dir='ltr'><strong><em> </em></strong></span> 
     </span>
    </p>
   </div>
  </div>
 </body>
</html>
