2438 3870
92 149 133 213 18
447 143 651 214 Ptolegomena
668 144 759 198 latina

90 335 162 394 pore
181 316 289 374 Persae
313 315 495 388 inferebant,
519 313 649 373 exhiberi
670 332 724 389 per
742 313 873 390 virgines
893 313 928 372 de
947 332 1029 373 more
1047 333 1111 373 non

90 415 197 492 posset.

158 520 211 580 alii
241 520 278 580 ab
303 519 406 580 Oreste
435 519 512 578 circa
536 519 671 579 Siciliam
693 537 771 596 vago
794 519 827 577 id
849 537 942 596 genus
966 519 1112 578 carminis

90 619 206 678 Dianae
232 618 382 677 redditum
408 619 557 691 locuntur,
583 620 613 676 et
637 616 789 675 redditum
813 635 867 692 per
891 617 990 692 ipsum
1015 618 1111 692 atque

89 720 239 794 pastores,
259 735 318 792 quo
336 719 470 791 tempore
490 715 525 774 de
545 715 668 792 Scythia
687 715 817 774 Taurica
835 733 902 773 cum
920 731 1019 772 sorore
1038 733 1110 788 pro·
1140 735 1153 775 r

91 816 212 894 fugerat
231 814 371 890 subrepto
389 815 520 872 numinis
539 815 698 873 simulacro
716 816 746 872 et
760 815 856 872 celato
870 812 903 870 in
916 812 995 872 fasce
1008 811 1110 890 ligno-

89 932 167 988 rum,
184 912 262 970 unde
277 912 463 971 Fascelinam
477 911 607 970 Dianam
620 911 777 988 perhibent
790 912 1005 986 nuncupatam,
1024 910 1109 985 apud

91 1010 175 1069 cuius
200 1029 267 1069 aras
292 1009 410 1070 Orestes
434 1028 488 1085 per
510 1009 694 1068 sacerdotem
717 1009 849 1067 eiusdem
871 1006 1001 1066 numinis
1024 1007 1112 1084 Iphis

92 1108 212 1186 geniam
232 1127 362 1167 sororem
381 1127 465 1167 suam
485 1126 502 1164 a
521 1107 682 1183 parricidio
701 1108 801 1165 fuerat
820 1105 963 1182 expiatus.

38 1249 72 1256 —
159 1215 212 1272 alii
227 1215 362 1291 Apollini
376 1213 469 1297 νομίῳ
484 1213 630 1289 pastorali
644 1213 758 1273 scilicet
771 1213 834 1287 deo,
854 1232 914 1289 qua
926 1215 1108 1289 tempestate
1124 1235 1152 1274 ro

91 1312 220 1371 Admeto
243 1313 332 1372 boves
356 1313 414 1390 (ito
433 1329 447 1370 e
466 1312 525 1372 cod.
540 1312 626 1370 Bodl.
646 1312 677 1371 J.
691 1312 864 1381 Brummcr,
893 1312 975 1371 Vitae
999 1311 1108 1384 Vergil.

93 1415 265 1482 1912,13,
288 1429 357 1470 oves
375 1411 474 1483 aalys,
497 1429 605 1485 pecora
623 1405 746 1488 Hagen)
764 1412 903 1485 paverat,
926 1409 979 1468 alii
996 1407 1108 1467 Libero

90 1511 299 1586 Nympharum
322 1511 353 1567 et
372 1507 547 1583 Satyrorum
571 1510 600 1566 et
623 1508 654 1566 id
677 1527 769 1585 genus
792 1508 949 1566 numinum
966 1505 1109 1582 principi,

92 1607 200 1684 quibus
227 1608 327 1683 placet
353 1607 500 1665 rusticum
528 1625 660 1681 carmen3
688 1606 742 1664 alii
767 1605 913 1666 Mercurio
936 1604 1107 1680 Daphnidis

91 1706 172 1782 patri
198 1710 350 1781 pastorum
376 1704 510 1762 omnium
535 1703 678 1780 principis
704 1707 734 1762 et
759 1703 838 1779 apud
862 1703 1051 1762 Theocritum
1075 1705 1108 1760 et
1123 1723 1150 1764 rs

92 1803 171 1879 apud
190 1803 267 1861 hunc
286 1803 386 1877 ipsum
405 1804 538 1876 poetam;
558 1802 611 1858 alii
629 1801 661 1858 in
679 1801 820 1859 honorem
836 1801 932 1859 Panos
947 1800 1037 1860 scribi
1049 1819 1106 1875 pu-

91 1904 159 1959 tant
182 1899 373 1976 peculiariter
391 1898 551 1976 pastoralis
571 1899 632 1974 dei,
655 1900 727 1956 item
747 1899 853 1975 Sileni,
878 1898 994 1958 Silvani
1012 1901 1106 1974 atque

91 1999 270 2057 Faunorum.

40 2157 70 2163 *
160 2124 289 2181 58—59
306 2123 357 2195 (ib.
374 2122 467 2196 ma
485 2124 580 2181 restat
594 2124 637 2195 ut,
657 2140 734 2196 quac
749 2140 838 2180 causa
851 2122 1038 2180 voluntatem
1053 2120 1106 2179 ad-

90 2221 195 2278 tulerit
212 2223 319 2295 poetae
337 2220 472 2279 bucolica
490 2219 682 2295 potissimum
700 2219 904 2278 conscribendi
918 2217 1106 2277 considerare
1120 2240 1149 2280 so

92 2319 256 2377 debeamus.
290 2320 343 2375 aut
367 2320 446 2375 enim
469 2317 623 2376 dulcedine
648 2317 786 2376 carminis
810 2316 977 2375 Theocritei
995 2307 1107 2396 (Theo-

92 2415 160 2475 criti
179 2416 255 2484 liert,
273 2432 344 2473 corr.
360 2406 481 2494 Hagen)
501 2415 540 2472 ad
557 2415 758 2474 imitationem
776 2414 839 2473 eius
858 2414 984 2472 inlectus
1001 2415 1047 2472 est

93 2516 147 2572 aut
161 2532 227 2571 cum
241 2517 302 2571 tres
316 2513 398 2571 modi
413 2513 474 2572 sint
488 2513 697 2587 elocutionum,
712 2531 787 2588 quos
801 2519 984 2591 χαρακτῆρας
999 2508 1107 2571 Graeci

92 2614 213 2686 vocant,
238 2609 336 2688 ἰσχνός
356 2612 407 2685 qui
425 2611 537 2685 tenuis,
557 2608 643 2687 μέσος
663 2611 716 2686 qui
733 2611 917 2685 moderatuS,
943 2605 1035 2688 ἁδρός
1053 2609 1107 2684 qui

91 2709 208 2768 validus
231 2708 429 2784 intellegitur,
456 2709 595 2767 credibile
622 2709 679 2766 erit
697 2703 879 2784 Vergilium,
902 2705 955 2783 qui
972 2707 1004 2764 in
1023 2708 1107 2764 omui
1120 2728 1149 2769 aa

91 2826 198 2884 genere
219 2806 421 2882 praevaleret,
443 2806 579 2865 bucolica
603 2808 641 2864 ud
661 2807 791 2881 primum
808 2805 944 2878 modum,
966 2802 1107 2880 georgica

93 2905 131 2962 ad
149 2905 317 2978 secundum,
336 2903 498 2962 Aeneidem
518 2905 556 2962 ad
574 2905 697 2962 tertium
715 2904 845 2963 voluisse
864 2903 1005 2962 conferre.

38 3070 72 3075 -
161 3031 198 3086 71
221 3023 272 3105 (ἱό.
288 3028 381 3102 744);
409 3048 475 3088 oum
504 3029 599 3088 tribus
627 3029 673 3088 his
696 3029 839 3103 probetur
865 3031 1006 3087 metrum:
1039 3045 1105 3086 oae-

92 3143 163 3184 sura
191 3127 344 3184 scansione
373 3126 606 3204 modificatione,
641 3147 701 3185 non
728 3128 786 3185 erit
812 3126 964 3185 bucolicus
993 3144 1106 3200 versus,

91 3223 150 3281 nisi
174 3226 205 3281 in
232 3243 290 3298 quo
317 3227 347 3282 et
371 3225 485 3300 primus
510 3244 563 3300 pes
585 3228 702 3300 partem
726 3225 870 3284 orationis
895 3223 1056 3284 absolverit
1075 3225 1107 3282 et
1120 3247 1150 3286 so

90 3321 196 3380 tertius
220 3323 378 3381 trochaeus
401 3324 494 3381 fuerit
511 3325 543 3380 in
562 3341 684 3381 caesura
703 3326 734 3381 et
753 3325 877 3398 quartus
896 3341 948 3397 pes
967 3321 1106 3396 dactylus
1163 3368 1167 3375 .

91 3421 186 3497 magis
211 3439 301 3494 quam
324 3420 470 3496 spondeus
494 3424 611 3496 partem
636 3421 779 3481 orationis
803 3420 1024 3495 terminaverit,
1052 3414 1108 3497 <et

91 3517 159 3576 add.
174 3514 302 3596 Hagen>
321 3518 442 3594 quintus
462 3521 492 3576 et
510 3522 610 3579 sextus
628 3538 680 3595 pes
699 3539 767 3578 oum
785 3519 910 3596 integris
924 3512 1106 3577 dictionibus
1218 3573 1219 3583 ,
