2446 3870
146 150 212 213 342
543 147 682 219 Πτέρνγες
700 149 770 204 b—o

76 330 139 374 Αοιιι.
215 319 243 378 b.
262 316 353 396 ὑμνεῖ
363 314 394 378 δὲ
409 316 445 377 οῦ
460 316 510 377 τὸν
525 317 683 395 πάνδημον
691 313 806 396 Ἔρωτα
819 317 871 378 τὸν
886 318 1076 399 Ἀφροδίτης,
1096 319 1178 383 ἀλλά

149 415 200 478 τὸν
220 415 371 495 οὐράνιον,
392 414 443 476 τὸν
461 413 677 496 γενεσιουργόν,
696 408 733 476 οῦ
752 414 801 475 καλ
819 415 946 476 Πλότων
965 413 1121 496 μέμνηται
1142 418 1176 480 έν

149 521 209 587 τοῖς
229 517 429 593 Σωκρατικοῖς
448 513 595 594 διαλόγοις
615 506 901 595 (Gonv.178sqq.),
920 512 967 574 ότε
987 515 1065 595 πρὸς
1088 519 1175 599 Θρα-

149 612 280 692 σύμαχον
303 610 369 690 περὶ
393 612 479 673 θείου
502 634 531 672 τε
555 610 604 672 καλ
626 610 817 691 ἀνθρωπείου
841 609 1030 692 διελεγέσθην
1049 613 1174 694 ἔρωτος.

148 709 198 771 καλ
216 719 306 771 ταῦτα
325 707 378 789 μὲν
398 711 498 783 οὕτως.
1200 735 1212 775 ε

43 864 154 908 amalo
217 873 239 914 c.
263 855 369 915 τοότου
394 851 414 933 ἡ
440 853 605 934 ἀνάγνωσις
631 851 671 928 ὡς
696 852 853 934 γέγραπται
877 853 1001 914 όόναιαι
1024 855 1174 935 γίνεσθαι

149 951 234 1014 ένεκοί
256 975 288 1033 γε
310 963 363 1014 τοῦ
386 963 457 1029 νοῦ,
480 951 553 1013 ἀλλά
576 949 631 1012 κάν
655 950 704 1012 a&
727 950 762 1011 τὰ
784 949 871 1033 μέτρα
894 950 951 1013 ἀπὸ
970 959 1024 1012 τοῦ
1043 954 1173 1032 πρώτου

150 1049 197 1111 ἐπὶ
215 1050 246 1112 τὸ
270 1050 389 1130 ἔσχατον
408 1050 490 1134 έρχη,
515 1051 563 1111 ἴνα
582 1049 617 1110 τὰ
635 1048 771 1128 ἀλλήλους
795 1048 974 1130 ἀντίστροφα
992 1036 1012 1134 ᾗ
1032 1045 1098 1128 μετ’
1117 1051 1171 1114 ἀλ-

149 1148 254 1226 λήλων.
292 1149 382 1232 ταύτῃ
409 1148 464 1229 γὰρ
492 1149 601 1209 κελεύει
628 1148 659 1209 τὸ
688 1157 804 1228 πρῶτον
832 1146 1015 1230 ἀναγνόντας
1042 1141 1109 1210 εἶτα
1136 1151 1170 1213 τὸ

149 1246 334 1309 πανύστατον
353 1245 555 1328 προφέρεσθαι
578 1245 628 1307 καλ
646 1244 797 1328 ἀναλόγως
819 1245 940 1308 ἀνωθεν
958 1246 989 1308 τὸ
1009 1246 1170 1330 δεύτερον·
1187 1271 1212 1311 ιο

149 1343 196 1404 καλ
217 1345 310 1417 οῦτως
330 1343 345 1405 6
364 1345 481 1424 τρόπος,
500 1343 554 1418 ἕως
572 1343 609 1405 ἀν
629 1343 675 1405 έπλ
694 1344 725 1405 τὸ
745 1345 926 1426 βραχύτατον
944 1342 1049 1427 ἀφίκη.

201 1466 248 1550 -[ό
268 1466 299 1530 δὲ
318 1465 417 1550 λόγος]
441 1468 515 1551 λέγει
536 1468 589 1549 μὲν
609 1467 624 1529 6
641 1466 752 1548 Ἔρως,
777 1468 792 1531 6
817 1467 848 1531 δέ
871 1479 943 1542 νοῦς
967 1469 1045 1542 όίπας
1068 1471 1171 1546 οῦτως

150 1567 218 1647 ἔχει·
243 1569 295 1648 όρα
315 1590 349 1645 με
368 1568 419 1628 τὸν
437 1577 492 1648 γῆς
516 1591 545 1628 τε
563 1565 676 1627 όίνακτα
696 1567 745 1627 καλ
764 1567 816 1628 τὸν
835 1566 964 1649 οῦρανὸν
983 1563 1057 1651 ἀλλη
1076 1566 1169 1650 6696-

150 1683 240 1725 σαντα
262 1664 336 1743 μηδὲ
355 1667 531 1749 φροντίσῃς,
555 1666 582 1726 εί
599 1665 749 1743 τηλικόσόε
768 1663 810 1725 ὢν
829 1666 938 1726 τελείου
957 1664 1027 1746 έργα
1045 1675 1128 1727 ποιῶ
1149 1666 1170 1748 ἢ

150 1763 176 1823 εἰ
197 1762 371 1836 τελειότατός
394 1764 465 1841 εἰμι·
490 1763 551 1824 τότε
574 1764 628 1845 γὰρ
653 1762 810 1844 ἐγενόμην,
835 1763 880 1824 ότε
904 1759 923 1842 ἡ
943 1763 1069 1844 Ἀνάγκη
1094 1758 1171 1848 ἦρχε·
1185 1785 1212 1827 ιο

149 1859 197 1922 καὶ
216 1862 311 1922 πάντα
330 1860 429 1922 ὑπεῖκε
448 1867 512 1935 ταῖς
529 1872 581 1942 τῆς
601 1866 662 1942 Γῆς
680 1860 825 1942 γνώμαις,
847 1862 902 1922 όσα
920 1860 1000 1940 έρπει
1018 1855 1061 1922 δι’
1077 1859 1170 1946 ἀέρος

149 1958 199 2020 καλ
213 1957 342 2039 αἰθέρος,
366 1961 421 2022 οὐκ
434 1959 491 2038 εἰμὶ
505 1959 536 2022 δέ
551 1959 749 2042 όἉφροόίτης
762 1960 838 2037 υἱός,
852 1963 997 2038 καλοῦμαι
1011 1955 1168 2042 mame·

150 2057 199 2118 καλ
214 2057 302 2120 οὐδὲν
315 2056 346 2120 ἀὲ
361 2058 470 2140 ἔπραξα
480 2059 583 2144 (βίη),
595 2059 629 2120 τά
643 2060 740 2120 πάντα
752 2056 784 2120 δέ
797 2081 847 2138 μοι
860 2058 1026 2134 πείθονται,
1038 2056 1169 2132 ῦπεῖξαν

151 2156 182 2218 δέ
201 2182 250 2237 μοι
269 2160 300 2219 οί
315 2168 369 2239 γῆς
388 2182 416 2219 τε
435 2158 484 2218 καλ
502 2160 656 2236 θαλάσσης
675 2155 761 2238 μυχολ
779 2155 829 2218 καλ
848 2153 864 2216 6
884 2154 1022 2235 οὐρανός,
1041 2146 1084 2216 ὧν
1106 2156 1168 2240 ἐγὼ

150 2256 181 2316 τό
200 2255 322 2336 ἀρχαῖον
341 2255 507 2335 ἀφειλόμην
526 2266 674 2336 σκῆπτρον
693 2255 742 2316 καλ
760 2255 894 2328 ἐδίκαζον
913 2258 1004 2326 θεοῖς.
1181 2277 1212 2317 aa

216 2380 272 2459 ἔχει
295 2377 326 2440 δέ
349 2390 424 2440 νοῦν
446 2378 503 2440 κάν
526 2378 585 2441 ἀπὸ
608 2390 660 2441 τοῦ
684 2381 802 2462 πρώτου
826 2377 873 2440 ἐπὶ
891 2377 923 2440 τὸ
942 2377 1062 2459 ἔσχατον
1081 2377 1168 2466 έρχη,

150 2477 190 2551 ὡς
209 2479 386 2558 προείρηται.

221 2768 235 2809 8
250 2754 435 2826 Ἐρυξίμαχον
450 2755 637 2828 <Παυοανίας
652 2777 680 2812 τε
697 2758 745 2811 καλ
762 2756 903 2826 Φαῖδρος)
920 2773 954 2811 ex
967 2756 1029 2827 ipso
1044 2755 1169 2816 Platona

150 2847 228 2900 prop.
248 2828 353 2897 Bergk,
382 2828 431 2882 sed
454 2827 606 2882 scholiasta
629 2828 781 2882 somniasse
803 2827 915 2880 vidalur
1023 2828 1168 2888 στοότων

150 2906 229 2954 Anth.
284 2898 415 2970 γίνεσθαι
434 2905 494 2952 KG:
514 2903 644 2953 νοεῖσθαι
661 2905 738 2952 suth.
812 2909 824 2950 7
844 2896 899 2953 κάν
913 2899 1018 2969 Bergk:
1036 2899 1084 2952 καλ
1099 2906 1168 2958 KG:

150 2989 202 3024 om.
219 2978 297 3024 Anah.
389 2971 471 3025 θεὸν
491 2970 605 3041 ἔσχατον
624 2971 718 3035 codd.‚
743 2970 849 3024 correxi
922 2971 1013 3040 έρχοιο
1033 2970 1129 3040 Bergk

149 3054 164 3094 ο
183 3043 267 3095 verba
284 3041 498 3124 ταύτῃ-ἀφίκῃ
518 3043 553 3095 ab
573 3041 671 3096 eodem
688 3042 801 3096 homins
819 3043 915 3110 inepto
935 3041 1034 3095 addila
1048 3057 1108 3097 assa
1125 3045 1168 3100 vi-

150 3115 251 3166 dentur
261 3113 391 3183 Barglno,
405 3115 453 3182 qui
468 3114 540 3166 infra
554 3113 609 3183 έχει
623 3112 654 3167 δὲ
668 3111 937 3183 νοῦν-προείρηται
947 3112 1129 3180 adscripserit

150 3185 391 3250 ἀντιαναγνόντας
413 3193 436 3237 K
546 3196 572 3237 11
597 3186 646 3253 ἀφ.
671 3185 717 3240 acl
739 3186 828 3256 βραγό
852 3192 875 3237 K
984 3195 1011 3237 12
1035 3183 1128 3239 delevi

150 3268 177 3310 18
198 3255 249 3322 όρα
270 3262 302 3309 G:
323 3255 392 3322 ὁρᾶς
410 3258 474 3309 cett.
511 3256 561 3310 τὸν
579 3265 627 3325 τῆς
645 3264 695 3324 γῆς
714 3255 797 3310 ἀνθ
833 3256 994 3322 οῦρανοῦΚ
1065 3265 1092 3308 14
1111 3276 1168 3328 μη.

151 3328 200 3384 aaa
219 3333 296 3381 Anth.
358 3311 439 3396 έργον
457 3334 480 3378 Κ
588 3339 616 3380 la
635 3328 731 3382 ὑπεῖκε
751 3327 916 3381 Salmasius:
942 3328 1048 3396 ῦπηκεν
1067 3331 1165 3386 sata:

149 3397 257 3454 ὑπείκει
273 3401 336 3454 cell.
409 3408 435 3451 17
457 3398 562 3466 αι”θρας
575 3404 654 3452 Anth.
732 3409 760 3451 18
779 3397 871 3467 suppl.
887 3397 955 3452 Gall.
1010 3394 1168 3458 πείθονται

150 3477 242 3526 Auta:
266 3476 367 3526 πειθοῖ
387 3471 451 3523 cett.
532 3471 649 3536 ῦπεῑξαν
672 3468 705 3525 δέ
728 3489 775 3538 μοι
794 3474 887 3522 sata:
912 3464 989 3534 εἶξαν
1007 3467 1039 3522 δέ
1057 3487 1105 3536 μοι
1124 3476 1164 3528 G:

150 3542 311 3613 ῦπέπτηξαν
330 3541 361 3597 δέ
379 3561 411 3611 με
430 3549 453 3594 Κ
524 3552 552 3594 19
571 3562 600 3597 τε
619 3545 648 3596 at
667 3541 682 3596 6
702 3559 754 3597 om.
770 3549 793 3594 K
865 3551 893 3594 aa
912 3536 1077 3608 προείρηκεν
1095 3545 1119 3592 Κ
