2438 3870
128 123 204 178 XXX
543 125 679 180 Praelatio
697 124 723 178 V

129 293 218 368 plura
236 293 350 353 scholia
367 293 406 351 ad
425 293 528 356 eadem
546 295 644 352 textus
664 293 754 352 verba
771 292 970 370 pertinebant,
989 295 1144 373 antiquius

130 384 161 441 et
183 382 289 440 melius
312 383 468 458 anteposui
491 382 633 441 deteriori
655 401 690 442 ao
712 383 883 455 recentiori,
906 386 943 442 ut
965 385 1145 460 plerumque

130 470 243 530 scholia
266 471 382 547 generis
400 470 605 546 Ambrosiani,
623 473 776 545 Vaticani,
800 470 995 530 Laurentiani
1017 473 1073 533 hoc
1097 493 1143 551 ore

69 573 75 586 ·
131 560 199 620 dine
219 578 281 619 sese
296 562 472 636 exciperent.
504 560 556 619 ubi
569 580 639 620 vero
654 560 806 619 commode
820 560 884 618 fieri
899 565 1027 636 poterat,
1046 563 1146 621 diver,⁶¹

131 669 232 709 sorum
251 669 392 726 generum
410 650 524 709 scholia
542 669 602 708 non
621 651 755 725 distinui,
770 649 826 708 ,sed
844 651 958 724 optimo
975 670 1093 726 quoque
1111 654 1145 710 in

131 741 271 799 contextu
285 739 387 815 ¹posito
407 739 556 814 quomodo
575 740 695 815 reliqua
713 738 750 796 ab
771 758 805 798 eo
824 738 977 798 differrent
991 741 1074 799 'infra
1093 741 1142 799 ad&

131 827 242 886 notavi.
276 847 344 886 cum
364 828 459 906 igitur
477 829 588 886 scholia
608 848 643 886 ex
661 828 817 888 voluntate
836 827 1046 904 disposuissem
1060 830 1145 887 nulla

132 917 267 976 codicum
289 919 404 976 ratione
428 917 546 991 habita,
570 935 638 975 eum
658 919 710 992 qui
727 919 759 975 in
778 916 933 993 codicibus,
947 920 992 976 est
1010 919 1144 978 ordinem

132 1007 312 1066 scholiorum
332 1025 350 1064 a
369 1026 434 1065 meo
453 1006 613 1064 admodum
632 1006 782 1066 diversum
800 1005 950 1066 tabellis
969 1007 1094 1067 editioni
1111 1009 1144 1066 in

132 1096 211 1154 calce
245 1095 368 1155 adiectis
399 1096 551 1154 illustrare
582 1113 699 1154 necesse
727 1095 826 1153 habui.
868 1096 995 1172 singulis
1023 1096 1144 1155 scholiis

24 1193 120 1234 numen
134 1203 298 1244 numeros
320 1203 475 1258 versuum,
502 1185 539 1241 ad
560 1202 633 1258 quos
652 1185 800 1259 spectant,
828 1183 964 1259 praefixi3
992 1186 1145 1260 complura

133 1274 254 1348 scholia,
274 1292 349 1348 quae
368 1274 406 1332 ad
421 1274 539 1332 eosdem
553 1291 654 1333 versus
668 1273 823 1333 referenda
837 1276 915 1347 sunt,
934 1274 1074 1332 litteris
1093 1273 1142 1332 ad·

133 1362 205 1421 ditis
225 1363 355 1422 distinxi.
387 1363 497 1421 litteris
516 1365 617 1430 autem
635 1380 695 1420 non
714 1362 753 1420 ad
771 1362 889 1439 integra
908 1363 1004 1422 solum
1023 1363 1145 1436 scholia,

133 1451 184 1511 sed
203 1454 295 1511 etiam
314 1452 350 1510 ad
369 1455 469 1528 partes
488 1452 668 1511 scholiorum
688 1451 885 1527 designandas
902 1455 968 1510 tum
984 1471 1056 1510 usus
1070 1471 1144 1524 sum,

134 1560 200 1600 oum
224 1541 340 1600 diversa
363 1542 469 1600 scholii
491 1541 645 1600 cuiusdam
667 1539 798 1598 membra
821 1541 870 1599 vel
893 1541 924 1598 in
943 1541 1145 1600 omnibus-vel

133 1631 165 1689 in
183 1631 335 1689 nonnullis
353 1630 438 1690 libris
452 1650 506 1705 pro
521 1629 640 1689 scholiis
655 1629 785 1706 propriis
800 1633 893 1688 erant.
922 1630 995 1705 quid
1009 1630 1145 1703 sentiam,

134 1719 336 1795 explanabunt
354 1720 489 1795 exempla
507 1720 523 1777 I
538 1719 636 1793 lehc,
658 1719 796 1793 oea—d,
817 1718 907 1778 57bo
925 1719 994 1776 alia.
1027 1721 1145 1794 nequis

134 1828 204 1868 vero
223 1808 258 1866 de
278 1808 397 1867 scholiis
416 1808 600 1866 secernendis
619 1808 754 1867 dubitare
773 1809 882 1884 possit,
900 1808 931 1866 in
950 1809 1075 1885 singulis
1094 1827 1145 1886 no·⁴

56 1912 121 1962 sigla
134 1899 180 1957 vis
203 1897 322 1956 scholiis
345 1897 518 1972 typothetas
541 1916 650 1956 novam
672 1897 783 1956 lineam
801 1899 931 1972 incipere
949 1895 1031 1956 iussi.
1069 1916 1145 1972 quae

134 1986 166 2044 in
184 1987 318 2064 margine
337 1987 480 2044 exteriore
499 1987 640 2064 leguntur
658 1987 755 2064 sigla
773 1986 919 2059 indicant,
938 1985 1046 2060 quibus
1066 1986 1145 2045 codi-

135 2075 217 2134 cibus
245 2076 391 2135 scholium
413 2076 461 2135 vel
484 2076 590 2135 scholii
613 2094 682 2151 pars
706 2076 743 2134 ab
767 2075 869 2134 eodem
892 2092 979 2134 versu
1002 2075 1145 2132 inchoans

136 2165 330 2224 contineatur.
363 2165 417 2223 ubi
439 2165 517 2241 sigla
540 2165 759 2237 desiderantur,
783 2184 800 2222 a
823 2165 888 2223 loco
910 2165 1043 2239 proxime
1062 2165 1146 2222 ante·

136 2254 256 2312 cedente
278 2255 439 2329 repetenda
461 2257 538 2312 sunt.
576 2254 654 2330 sigla
676 2255 778 2313 eodem
796 2254 904 2318 ordine
925 2255 1063 2328 utuntur,
1086 2272 1145 2329 quo

134 2341 249 2402 codices
267 2344 299 2400 in
319 2345 417 2418 capite
435 2343 531 2419 primo
549 2344 692 2416 recensui,
711 2343 738 2398 h.
754 2361 777 2401 e.
798 2342 912 2401 codices
931 2341 1046 2419 generis
1060 2341 1145 2400 Vati·

135 2432 201 2491 cani
221 2432 406 2492 collocantur
423 2434 491 2507 post
509 2430 748 2503 Ambrosianum,
766 2429 960 2488 Laurentiani
978 2431 1047 2503 post
1059 2429 1146 2488 Vati·

135 2539 232 2580 canos.
270 2523 296 2579 si
320 2521 465 2580 scholium
488 2519 639 2596 quoddam
661 2519 693 2576 in
716 2518 816 2576 eodem
840 2516 939 2575 codice
963 2516 1008 2575 bis
1027 2517 1146 2594 legitur,

135 2611 210 2688 siglo
226 2630 244 2668 a
259 2611 363 2668 dextra
376 2612 465 2668 notae
478 2626 668 2669 numerorum
683 2606 840 2664 adiunctae
855 2607 933 2679 sunt,
947 2605 1054 2681 quibus
1069 2607 1147 2666 alter

134 2700 217 2759 locus
236 2699 273 2757 ab
293 2700 387 2757 altero
406 2697 608 2774 distinguatur
622 2688 666 2775 (x¹
683 2699 712 2754 et
726 2687 782 2775 xl).
811 2694 930 2753 litterae
944 2694 963 2752 b
978 2695 1024 2754 vel
1039 2714 1055 2754 o
1069 2696 1145 2773 siglo

135 2789 290 2865 appositae
314 2786 484 2864 significant
506 2785 653 2845 scholium
681 2783 790 2843 codicis
809 2783 895 2856 istius
914 2802 932 2841 a
951 2785 1145 2845 secundaret

134 2879 225 2937 tertia
243 2895 335 2935 manu
353 2876 497 2950 scriptum
517 2892 590 2945 esse,
608 2892 677 2932 cum
694 2874 797 2932 littera
816 2893 831 2930 r
849 2873 993 2933 scholium
1008 2874 1145 2948 quamvis

135 2967 167 3026 in
186 2984 291 3042 corpus
310 2964 485 3024 continuum
502 2965 655 3038 receptum
669 2981 750 3021 more
766 2960 929 3040 glossarum
944 2963 1034 3021 rubro
1048 2962 1145 3021 colore

136 3060 290 3122 exaratum
316 3071 378 3111 esse
403 3052 540 3111 ostendat
563 3044 619 3133 (xl,
637 3053 677 3127 1⁰,
696 3043 749 3132 x').
786 3050 915 3109 libenter
935 3052 1077 3127 profiteor
1099 3071 1146 3110 me

134 3147 168 3203 in
190 3144 237 3202 his
255 3142 342 3201 rebus
361 3142 528 3216 exemplum
548 3140 790 3199 Drachmanni
808 3139 866 3198 viri
884 3141 920 3198 de
939 3140 1058 3199 scholiis
1078 3139 1146 3198 Pin-

136 3232 244 3292 daricis
267 3230 379 3307 optime
401 3231 502 3289 meriti
524 3231 585 3289 fere
608 3232 744 3290 secutum
767 3247 838 3289 esse.
875 3248 942 3288 oum
966 3228 1092 3303 denique
1115 3228 1146 3291 id

135 3321 262 3380 maxime
291 3319 452 3394 studerem,
480 3324 513 3378 ut
541 3319 654 3378 scholia
677 3319 831 3394 archetypi
853 3320 1001 3392 quantum
1024 3317 1145 3393 quidem

86 3434 88 3438 ⁸
135 3410 200 3470 fieri
225 3411 326 3486 posset
347 3410 543 3484 restituerem,
569 3428 605 3468 ea
628 3407 740 3466 scholia
762 3409 834 3466 nota
856 3407 999 3484 insignire
1022 3405 1145 3481 placuit,

136 3518 213 3577 quae
232 3499 279 3558 vel
297 3501 385 3558 unius
404 3499 513 3560 codicis
532 3499 580 3558 vel
598 3497 685 3556 unius
704 3496 836 3556 familiae
854 3496 976 3571 propria
992 3495 1029 3554 ab
1044 3494 1146 3555 arche·
