2438 3870
429 148 543 203 Scholia
561 147 600 203 IV
615 147 694 221 20J22
705 147 778 201 a-d
1042 145 1105 209 141

89 343 169 403 ριχος
185 314 360 400 [ὀσκοίριος].
379 315 456 389 τινὲς
471 314 503 376 δὲ
517 316 661 396 ιτύρριχον
673 308 884 395 Ἠτιειροοτικὸν
898 311 1033 391 ἤκουσαν
1047 311 1106 375 ίιττὸ

90 420 215 498 Πύρρου
238 426 290 478 τοῦ
315 415 378 476 ἐκεῖ
396 416 635 495 βασιλεύσαντος·
661 415 783 476 δοκοῦσι
806 411 838 474 δὲ
862 413 893 474 οί
913 411 981 493 βόες
999 411 1106 473 ἐκεῖνοι

90 517 234 593 λείψανον
252 508 329 575 εἷναι
347 523 407 574 τῶν
426 512 624 592 Γηρυονείαν.
835 518 836 522 ’

155 633 183 690 b.
206 631 379 710 ττύρριχος
402 626 434 689 δὲ
458 628 532 688 κατά
551 651 634 700 τινας
653 625 668 688 6
688 627 842 706 εὐκίνητος
860 625 918 687 ίιττὸ
938 636 991 687 τοῦ
1009 625 1213 705 wentenum

61 727 246 806 σεύκινήτου
272 725 364 800 ὄντος.
397 723 473 798 τινὲς
498 724 529 787 δὲ
548 725 599 786 τὸν
617 725 733 807 πυρρὸν
752 724 824 785 κατὰ
843 724 898 803 τὴν
916 723 1019 805 χροιὰν
1038 721 1105 785 ὀνο-

91 827 241 905 μύζουσιν.

156 963 179 1002 ο.
203 942 508 1022 κακοχροίσμων
533 938 598 1020 γὰρ
625 936 640 999 6
667 940 792 1018 δᾶμοςῖ
816 947 875 998 τῶν
898 937 1213 1018 ΛαμττριαὸτῖινΙωΕΑτ

89 1040 237 1118 δηλονότι.
275 1036 314 1110 ὡς
342 1040 494 1117 δυσμενῶς
521 1037 594 1116 ἔχων
618 1034 633 1096 6
658 1037 768 1109 Βάττος
790 1035 864 1116 πρὸς
886 1035 956 1108 τοὺς
979 1033 1106 1113 φυλέτας

88 1138 158 1210 τοὺς
177 1137 376 1218 Λαμπριοίὸας
400 1139 506 1213 φησίν·
530 1136 610 1213 εἴθε,
634 1134 706 1195 ύταν
729 1134 828 1194 θύωσι
850 1143 885 1218 τῇ
901 1129 981 1216 Ἥρᾳ
1001 1133 1032 1193 οἱ
1052 1133 1105 1210 δη-

47 1261 75 1300 ιυ
89 1234 175 1313 μύται
193 1244 245 1295 τοῦ
264 1234 467 1314 Λαμκριοίύου
486 1232 536 1293 καὶ
554 1231 624 1311 κρέα
643 1231 797 1312 νέμονται,
816 1240 952 1292 τοιοῦτον
971 1231 1106 1311 λαχόντες

87 1332 222 1406 θύσαιεν,
242 1332 292 1392 ἴνα
311 1331 351 1410 μὴ
371 1332 541 1416 προσδεχθῇ
561 1331 659 1391 αὐτῶν
678 1327 697 1408 ἡ
718 1332 813 1392 θυσία
831 1329 890 1392 ύτιὸ
904 1339 957 1408 τῆς
971 1335 1046 1390 θεοῦ
1061 1361 1105 1372 -

87 1427 106 1506 ἢ
132 1429 181 1488 ἵνα
206 1428 245 1506 μὴ
264 1431 434 1514 προσδεχθῇ
453 1427 512 1489 ὑπὸ
531 1439 590 1490 τῶν
609 1434 744 1506 φυλετῶν
762 1427 793 1489 τὸ
813 1433 898 1507 θῦμα
922 1461 964 1469 -
988 1425 1039 1487 καὶ
1057 1427 1104 1504 ζη-

87 1532 188 1610 μιωθῇ
205 1523 455 1608 [ὁΛαμιτριοίδης]
472 1525 487 1588 6
502 1528 606 1606 δῆμος,
621 1525 661 1599 ὡς
674 1527 843 1607 κακούργου
857 1521 951 1605 <καλ>
965 1524 1103 1605 λοιδόρου

93 1622 180 1696 ὄντος
207 1625 313 1686 τούτου
337 1634 389 1686 τού
414 1625 511 1704 δήμου
534 1659 579 1667 -
602 1622 621 1703 ἢ
646 1623 661 1686 6
680 1625 896 1706 Λαμκριοίὸης,
920 1622 949 1696 ἐξ
972 1616 1009 1684 οὗ
1031 1619 1105 1682 ὠνο-

49 1746 76 1787 εσ
92 1723 195 1801 μοίσθη
216 1720 231 1783 6
252 1724 355 1802 δῆμος.

155 1839 182 1897 (1.
205 1837 259 1899 τοὶ
284 1848 327 1899 τῶ
347 1839 565 1918 Λαμττριοίδα
588 1837 641 1899 τοὶ
665 1837 828 1917 δαμόταιῑ
852 1835 945 1897 ὁτῶν
964 1841 1151 1916 Λαμπρι-ετ

88 1937 170 1995 αδῶν
190 1938 284 2015 δῆμος
303 1935 362 1997 ίατό
381 1958 461 2007 τινος
475 1938 647 2018 Λαμπρίου.
679 1936 753 2013 εἴθε,
772 1936 876 2013 φησίν,
896 1934 966 1995 ὅταν
985 1933 1103 1995 θύωσιν

87 2035 119 2094 οἵ
134 2034 330 2114 Λαμπριοίὸαι
348 2042 383 2116 τῇ
394 2029 483 2115 Ἥρα,
501 2043 636 2093 τοιοῦτον
655 2033 793 2111 θύσαιεν,
812 2032 863 2091 ἴνα
877 2031 918 2109 μὴ
932 2031 1102 2115 ιτροσδεχθῇ

87 2132 186 2191 αὐτῶν
204 2128 223 2207 ἡ
244 2131 338 2190 θυσία
356 2128 415 2188 ὑπὸ
434 2138 487 2207 τῆς
501 2125 605 2210 Ἥρας.

158 2310 171 2351 1
189 2300 274 2352 Ariat.
285 2299 358 2352 Hiet.
371 2315 415 2352 an.
425 2299 490 2352 VIII
500 2306 525 2367 7,
536 2299 614 2354 teob
626 2304 658 2353 18
706 2299 778 2353 Plin.
789 2299 860 2354 Hiat.
871 2300 929 2352 nat.
941 2297 1005 2351 VIII
1016 2303 1066 2351 1⁷6

87 2369 202 2502 {Ege}
223 2369 282 2424 Cor.
302 2369 375 2423 Dial.
396 2371 454 2424 dor.
471 2376 535 2424 106:
563 2371 699 2441 κύρριχος
724 2369 739 2426 ὃ
764 2371 871 2439 πυρρὸς
898 2368 1006 2439 λέγεται
1030 2367 1101 2436 παρ’

157 2611 169 2653 1
189 2601 279 2655 delevi
296 2618 393 2656 vocem
411 2602 525 2670 miram3
545 2603 643 2671 σκοίρις
661 2621 676 2658 e
691 2604 797 2658 scholio
813 2609 872 2658 19a
886 2605 941 2658 huo
955 2605 1102 2673 irrepsisse

85 2673 197 2725 videtur
255 2673 393 2745 πύρριχον
413 2673 495 2729 Cast:
514 2695 559 2736 -ος
578 2675 658 2729 codd.
710 2672 913 2743 Ἠπειρωτικὸν
931 2683 967 2730 Κι
987 2673 1033 2737 -ὸς
1050 2677 1101 2745 (dh

86 2750 135 2806 -ῶς
153 2746 220 2798 cett.
306 2756 321 2797 a
340 2745 495 2800 adhaerent
512 2747 543 2799 in
562 2747 642 2800 codd.
661 2747 747 2800 verba
765 2755 821 2801 τῶν
840 2751 1033 2816 Λαμκριαδῶυ
1053 2749 1102 2815 δη-

84 2813 186 2882 λονότι,
212 2833 285 2884 quae
309 2816 378 2870 Geel
403 2820 468 2886 post
497 2817 524 2872 οἱ
549 2817 612 2888 βόες
637 2820 751 2884 ἐκεῖνοι,
778 2818 880 2872 rectius
904 2818 1012 2872 Ahrons
1036 2821 1103 2886 post

84 2888 188 2941 lemma
203 2887 302 2941 scholii
318 2905 332 2941 o
347 2889 377 2941 in
386 2896 410 2940 Κ
423 2889 549 2957 proxime
563 2889 759 2956 subsequentia
769 2889 915 2957 transponi
925 2890 1067 2943 iusserunt

84 2969 99 3012 d
119 2957 133 3012 6
152 2957 258 3026 πυρρός
276 2966 313 3010 11⁸
404 2971 415 3010 7
437 2960 471 3014 de
490 2961 581 3014 verbis
599 2969 656 3014 τῶν
673 2967 783 3029 Ααριιτρ.
804 2957 934 3028 δηλονότι
951 2979 976 3014 v.
991 2963 1048 3014 not.
1064 2960 1102 3013 ad

85 3030 142 3084 soh.
159 3047 176 3083 a
247 3033 341 3092 ναοὺς
354 3030 544 3099 Λαμτριοίδας
557 3039 592 3083 Κ;
608 3040 657 3085 τοῦ
672 3031 859 3100 Λαμκριοίδου
875 3034 940 3086 oett.
996 3030 1023 3085 ολ
1037 3034 1100 3100 dnn.

83 3109 134 3155 τοῦ
149 3109 260 3169 Λαμπρ.
276 3118 328 3154 om.
340 3106 448 3168 ΙΙΕΔΤ,
463 3105 528 3169 post
542 3100 681 3172 νέμονται
694 3105 801 3172 tranep.
816 3103 924 3156 Ahrene
996 3113 1026 3155 10
1038 3112 1102 3158 τού-

83 3181 133 3226 τον
147 3175 293 3241 λοχοῦντες
307 3172 445 3226 θύσουσιν
459 3180 483 3224 K
544 3184 572 3226 la
591 3171 609 3241 ἢ
625 3172 790 3241 ἴνα-θύμα
804 3190 857 3227 om.
867 3181 892 3226 K
949 3184 977 3227 18
994 3172 1009 3229 6
1023 3181 1101 3244 Λαμ-

83 3242 205 3312 ττριοίδης
220 3242 234 3297 ὁ
250 3245 274 3296 6.
291 3251 326 3296 K:
343 3243 357 3296 6
372 3242 559 3312 Λαμκριοίδου
574 3245 599 3298 ὃ.
615 3247 680 3301 cett.
733 3245 794 3299 ὁΛ.
810 3245 864 3298 del.
875 3244 1065 3298 Wilamowitz

83 3315 244 3383 κακούργου
268 3312 398 3382 λοιδόρου
417 3322 454 3367 K:
478 3324 567 3370 κακοῦ
587 3319 653 3370 cett.
726 3316 775 3369 καλ
794 3316 858 3370 add.
873 3316 1064 3371 Wilamowitz

83 3397 111 3438 14
131 3384 146 3439 6
165 3393 276 3452 Λαμκρ.
296 3402 350 3439 om.
365 3393 388 3438 K
461 3385 569 3454 duplici
592 3388 675 3440 modo
695 3386 837 3441 Theocriti
854 3388 947 3441 looum
966 3387 1100 3455 explicari

83 3472 164 3524 posse
188 3458 332 3510 enarrator
354 3458 450 3525 putat:
475 3459 525 3509 aut
544 3458 658 3510 Battum
682 3460 793 3526 optare,
815 3460 848 3511 ut
866 3459 1100 3526 Lampriadarum

83 3543 152 3596 gens
176 3543 193 3580 a
216 3528 321 3581 Iunone
342 3527 487 3596 puniatur,
512 3530 562 3582 aut
579 3532 611 3581 ut
628 3529 690 3598 ipso
709 3529 890 3597 Lampriades
910 3546 927 3582 a
944 3529 1099 3598 gentilibus
